2610 4072
203 213 258 292 uo
561 211 882 270 remansurum

213 378 417 464 regionibus,
444 377 538 443 utin
562 377 672 460 aliqua
694 381 788 461 parte
811 377 881 444 eius
907 382 1021 444 neuter
1047 383 1264 464 septentrio

214 467 381 552 adpareat,
409 466 567 549 aliterque
591 487 689 550 quam
712 466 748 530 in
771 466 843 531 aliis
868 467 934 532 oris
961 467 1103 533 umbrae
1136 489 1260 534 rerum

160 572 193 621 66
213 557 253 622 ad
272 557 439 622 meridiem
458 555 596 619 iaceant.
637 557 781 620 ueterum
799 555 928 640 fertilis,
943 559 980 636 et
997 557 1092 622 vario
1119 565 1272 642 general

213 645 381 710 hominum
400 642 603 726 aliorumque
626 643 816 708 animalium
836 647 948 710 scatet.
994 645 1054 709 alit
1075 643 1256 712 formicas

211 755 278 796 non
305 733 446 796 minores
475 731 626 796 maximis
650 732 797 815 canibus,
826 753 906 816 quas
931 753 1021 801 more
1044 751 1267 817 gryporum‘

211 842 325 886 aurum
352 821 484 904 penitus
513 823 660 904 egestum
690 841 761 885 eum
794 842 920 886 summa
947 820 1095 903 pernicie
1139 825 1255 888 adtin-

212 909 356 994 gentium
375 908 535 975 custodire
550 912 812 992 commemorant,
830 909 989 973 immanes
1004 912 1037 974 et
1051 918 1253 994 serpentes,

212 998 313 1083 aliqui
336 1002 373 1062 ut
396 998 587 1082 elephantos
606 1019 716 1062 morsu
739 999 837 1080 atque
860 998 986 1062 ambitu
1009 1001 1178 1080 eorporis
1203 1003 1253 1068 ad·

211 1088 335 1170 fioiant;
358 1090 427 1152 tam
451 1086 581 1171 pinguis
606 1085 726 1150 alieubi
751 1089 784 1150 et
806 1089 875 1150 tarn
897 1085 1014 1150 feratis
1039 1087 1120 1170 soli,
1149 1093 1198 1154 ut
1222 1092 1250 1154 iu

212 1198 249 1241 eo
273 1176 372 1242 mella
398 1175 562 1240 frontibus
591 1173 747 1256 defluant,
775 1174 868 1238 lanas
893 1173 994 1239 silvae
1021 1173 1160 1260 ferant,
1195 1179 1260 1243 116Ι1

210 1265 385 1329 nundinum
408 1265 485 1328 fissa
508 1261 693 1326 internodia
716 1262 818 1327 veluti
837 1263 935 1327 navia
956 1262 1052 1327 binos
1077 1268 1118 1328 et
1146 1288 1245 1350 quae

159 1368 192 1416 63
213 1353 287 1416 dam
305 1356 415 1416 ternos
435 1351 534 1415 etiem
552 1349 681 1413 vehant.
723 1351 887 1416 cultorum
905 1351 1037 1416 habitus
1056 1367 1243 1440 moresque

210 1440 394 1504 dissimiles.
434 1439 501 1502 lino
521 1437 578 1503 alii
596 1438 780 1504 vestiuntur
799 1442 854 1504 aut
873 1441 958 1506 lanis
978 1461 1057 1524 quas
1079 1440 1241 1527 diximus,

211 1528 268 1593 alii
289 1529 398 1592 avium
420 1526 626 1612 ferarumque
644 1527 800 1612 pellibus3
822 1550 899 1611 pars
918 1529 996 1594 nudi
1015 1533 1139 1614 agunt,
1164 1555 1238 1616 pars

209 1621 338 1682 tantum
362 1617 500 1682 obscena
523 1617 636 1700 velati,
660 1617 716 1681 alii
738 1616 879 1682 humiles
902 1617 1073 1701 parvique,
1100 1619 1169 1684 alii
1191 1622 1232 1684 ita
1245 1635 1260 1672 1³

210 1707 336 1791 proceri
359 1709 392 1770 et
411 1727 544 1790 corpore
568 1707 727 1790 ingentes,
752 1709 788 1771 ut
807 1705 991 1788 elephantis
1011 1704 1113 1772 etiam
1138 1713 1175 1772 et
1193 1709 1236 1772 ibi

211 1795 362 1860 maximis
386 1796 470 1861 sieut
488 1817 548 1861 nos
568 1795 659 1879 equis
677 1794 774 1859 faeile
794 1798 891 1877 atque
910 1793 1066 1858 habiliter
1086 1799 1236 1862 utantur.

158 1899 192 1950 64
212 1884 344 1969 quidam
375 1883 502 1949 nullum
537 1882 661 1946 animal
697 1881 855 1966 occidere,
891 1882 982 1948 nulla
1014 1903 1110 1948 cerne
1145 1886 1236 1950 vesei

211 1972 370 2054 optimum
403 1972 605 2052 existimant,
639 1969 796 2054 quosdam
828 1973 959 2034 tantum
990 1971 1096 2054 pisees
1126 1972 1234 2036 alunt.

211 2058 342 2143 quidam
365 2057 506 2141 proximi
528 2061 680 2141 parentes
704 2059 895 2142 priusquam
919 2059 1014 2124 annis
1042 2063 1101 2124 aut
1120 2061 1228 2141 aegri·
1241 2076 1260 2114 6

209 2146 321 2211 tudine
345 2145 380 2210 in
407 2145 544 2210 maciem
572 2149 648 2210 eant
671 2146 760 2212 velut
786 2147 913 2212 hostias
942 2147 1093 2230 caedunt,
1121 2168 1233 2213 eaeso

210 2257 345 2320 rumque
372 2234 549 2302 visceribus
579 2235 704 2318 epulari
731 2233 781 2300 fas
815 2239 847 2300 et
877 2235 1015 2302 maxime
1047 2235 1138 2319 pium
1172 2241 1230 2301 est.

158 2339 191 2390 66
212 2329 246 2390 at
269 2325 325 2390 ubi
348 2328 496 2392 senectus
525 2327 582 2390 aut
609 2326 741 2391 morbus
769 2325 903 2390 incessit
930 2322 1043 2407 prooul
1069 2345 1089 2387 a
1112 2328 1229 2391 esteris

211 2415 341 2498 abeunt,
364 2418 567 2499 mortemque
585 2414 621 2478 in
639 2413 812 2480 solitudine
830 2412 914 2477 nihil
938 2411 1028 2478 anxii
1046 2416 1230 2494 expectant.

209 2504 437 2588 prudentiores
457 2507 497 2568 et·
513 2503 629 2587 quibus
649 2523 701 2567 ars
726 2501 931 2585 studiumque
950 2500 1130 2586 sapientiae
1154 2517 1254 2568 eon-¹⁵

210 2593 311 2677 tingit
328 2614 395 2657 non
414 2593 587 2674 expeotant
606 2611 686 2672 eam,
706 2590 762 2654 sed
780 2589 956 2673 ingerendo
976 2592 1078 2654 semet
1096 2588 1229 2672 ignibus

158 2695 192 2743 66
212 2680 291 2742 laeti
314 2683 347 2742 et
370 2699 442 2742 eum
466 2677 572 2761 gloria
596 2681 771 2741 arcessunt.
816 2676 946 2742 urbium
969 2699 1049 2761 quas
1073 2676 1229 2764 incolunt,

212 2770 288 2832 sunt
311 2768 420 2829 autem
443 2763 612 2848 plurimae,
635 2763 729 2848 Nysa
753 2769 802 2830 est
821 2765 1003 2830 clarissima
1026 2768 1059 2830 et
1077 2767 1227 2852 maxims,

212 2854 372 2919 montium
394 2849 501 2918 Meros
524 2850 595 2918 lovi
623 2873 721 2918 esser.
766 2851 888 2919 famam
915 2853 991 2920 hino
1018 2853 1227 2938 praeeipuam

211 2943 348 3024 habent,
385 2941 420 3006 in
452 2940 511 3005 illa
542 2941 703 3026 genitum,
739 2942 775 3006 in
806 2942 903 3008 huius
940 2964 1037 3026 speou
1069 2940 1223 3010 Liberum
1236 2962 1255 3001 a

283 3139 307 3188 2.
324 3133 460 3214 adpareat
473 3132 513 3188 Α1
528 3135 662 3203 appareat
676 3133 718 3187 A²
772 3141 796 3188 3.
811 3133 906 3188 iacent
915 3133 943 3188 A
956 3132 1068 3190 iaceant
1082 3131 1226 3192 Vedianas

283 3210 307 3260 t.
326 3222 419 3260 minus
433 3204 460 3258 A
479 3203 600 3258 minores
614 3221 634 3259 6
706 3204 841 3258 maximas
855 3205 897 3260 Α1
916 3220 984 3260 corr.
1004 3206 1070 3274 (fuit
1087 3202 1222 3276 maximis)
1271 3203 1272 3216 ¹

210 3273 340 3330 maximis
354 3293 374 3330 a
429 3291 581 3346 gryporum
598 3275 639 3330 A¹
654 3275 826 3346 gryphorum
839 3275 881 3329 Α·
936 3281 960 3332 6.
977 3282 1001 3330 7.
1019 3273 1222 3345 adtingeutium
1271 3261 1272 3342 l

211 3346 252 3401 61ι
266 3345 467 3416 attingentium
485 3345 526 3400 A¹
580 3352 605 3402 8.
620 3347 706 3400 utA¹
725 3363 794 3404 oorr.
849 3348 934 3415 atque
949 3346 1071 3403 meere.
1124 3352 1161 3403 10.
1179 3355 1220 3406 11.

211 3416 400 3471 harundinum
417 3416 458 3470 A¹
477 3415 645 3471 arundinum
660 3415 699 3470 A²
772 3423 813 3472 11.
833 3415 923 3471 veluti
941 3417 969 3471 A
987 3419 1102 3486 (litteras
1117 3415 1140 3469 ti
1155 3421 1219 3476 add.

212 3487 262 3558 ΑΙ)
334 3484 432 3542 navita
445 3487 472 3541 A
490 3489 576 3543 navia
592 3486 704 3542 Vossius
776 3493 819 3543 25.
839 3487 866 3541 ei
885 3486 985 3556 quibus
1001 3491 1027 3542 A
1047 3485 1219 3554 atquibusn
