2610 4072
363 235 543 292 oflossoelt.
565 235 605 291 111
625 242 650 292 a.
670 243 686 291 r
706 237 836 306 (sa-ar)
1067 235 1110 301 69

86 405 183 485 sunt,
210 401 265 468 sed
292 423 351 487 per
377 400 519 467 hiemem
547 399 632 466 sieut
658 398 761 465 aliubi
789 398 960 483 obscurae,
988 400 1113 464 aestate

87 490 232 575 lucidae,
262 491 349 576 quod
375 511 434 574 per
460 489 494 554 id
521 491 653 573 tempus
680 488 761 554 iam·
777 509 812 553 se
839 486 937 554 altius
966 487 1113 572 evehens,

85 599 289 664 quamquam
311 578 382 663 ipse
403 598 471 643 uon
494 582 654 661 cernatur,
675 577 784 643 vicino
806 580 919 642 tamen
942 575 1114 660 splendore

87 669 245 752 proxima
271 667 440 746 inlustrat,
471 688 530 750 per
558 664 739 730 solstitium
765 685 842 732 vero
870 663 996 750 nullae,
1027 663 1113 749 quod

49 772 71 814 ⁵
88 761 166 822 tum
201 756 269 820 iam
303 755 511 820 manifestior
546 774 613 818 non
644 751 807 838 fulgorem
843 753 941 818 modo
973 752 1031 819 sed
1062 752 1113 818 sui

1 880 3 916 2
90 863 221 928 quoque
243 846 371 927 partem
399 842 576 908 maximam
605 843 759 907 ostentat.
805 840 908 926 Talge
935 841 970 906 in
993 838 1112 926 Oaspio
1133 856 1167 906 oa

1 985 2 1006 ,
89 933 180 996 mari
198 931 269 996 sine
288 931 378 996 cultu
395 930 526 1014 fertilis,
549 930 638 996 omni
660 929 754 1014 fruge
778 951 815 994 ao
832 929 991 995 huehhus
1015 930 1114 996 ahun-

1 1058 4 1067 ,
92 1019 192 1098 dans,
211 1019 268 1084 sed
286 1018 386 1085 vieini
403 1018 518 1104 populi
537 1039 620 1101 quae
638 1018 819 1102 gignuntur
838 1018 1005 1104 adtingere
1023 1017 1114 1084 nefas

1 1149 4 1186 3
93 1112 129 1172 et
160 1129 221 1192 pro
255 1107 428 1193 sacrilegio
460 1107 601 1191 habent,
637 1107 698 1170 diis
734 1109 852 1191 parata
888 1106 1114 1172 existimantes

1 1238 4 1262 Γ
41 1195 222 1280 :odiisque
248 1195 414 1261 servanda
460 1195 589 1280 aliquot
616 1198 650 1260 et
676 1194 744 1260 illis
769 1196 835 1260 oris
860 1217 941 1279 quas
970 1193 1115 1262 desertas

1 1328 4 1365 3,
89 1283 232 1349 diximus
261 1305 362 1368 aeque
391 1283 539 1349 desertae
567 1282 732 1368 adiacent,
766 1305 846 1368 quas
875 1284 946 1348 sine
971 1283 1114 1367 propriis

1 1394 3 1454 ζ
90 1372 280 1438 nominibus
305 1369 474 1456 Scythicas
498 1375 625 1438 vocant.
669 1372 675 1386 '

183 1460 236 1525 Ab
263 1459 315 1524 his
343 1461 377 1525 in
400 1459 507 1526 Eoum
535 1481 625 1525 mare
655 1482 769 1525 aursus
796 1460 989 1544 inflectitur,
1015 1439 1152 1546 inque7

92 1569 186 1614 oram
204 1552 312 1614 terrae
331 1549 511 1632 spectantis
530 1549 699 1614 orientem.
739 1549 883 1632 pertinet
900 1549 1019 1614 haee'a
1039 1547 1114 1634 Sey·

48 1652 78 1694 1⁵
93 1636 185 1703 thieo
208 1638 437 1721 promunturio
462 1637 504 1702 ad
527 1634 643 1701 Colida
665 1636 807 1719 primum
835 1638 877 1701 ob
900 1638 991 1701 nives
1017 1637 1115 1722 invia,

93 1725 210 1789 deinde
235 1725 276 1790 oh
300 1725 526 1790 inmanitatem
549 1723 770 1789 habitantium
792 1723 925 1789 inculta.
971 1721 1114 1809 Scythae

93 1817 172 1876 sunt
199 1811 444 1896 Androphagoe
471 1816 505 1878 et
534 1809 647 1897 Sacae,
680 1811 826 1877 distincti
859 1813 1006 1897 regione,
1039 1812 1116 1897 quia

93 1900 173 1964 feris
202 1904 319 1984 scatet,
349 1899 568 1966 inhabitabili.
618 1905 713 1965 vasta
743 1900 857 1965 deinde
889 1901 1008 1967 iterum
1040 1902 1114 1968 loca
1132 1919 1167 1969 60

94 1989 213 2054 beluae
235 1989 408 2075 infestant,
436 2011 538 2074 usque
563 1988 603 2054 ad
626 1993 772 2054 montem
794 1989 878 2054 mari
900 1990 1113 2056 inminentem

50 2078 225 2143 eonomine
243 2077 371 2142 Tabim.
411 2078 510 2164 longe
529 2077 569 2142 ab
590 2099 628 2143 eo
648 2077 775 2144 Taurus
797 2078 978 2145 adtollitur.
1020 2077 1113 2146 Seres

92 2166 272 2248 intersunt,
296 2187 399 2250 genus
421 2167 555 2250 plenum
577 2167 732 2249 iustitiae,
755 2171 787 2231 et
810 2168 1004 2233 commercio
1028 2167 1114 2252 qnod

92 2252 190 2316 rebus
214 2253 250 2316 iri
272 2253 449 2319 solitudine
471 2254 594 2319 relictis
614 2255 731 2319 absens
749 2255 878 2339 peragit
895 2255 1114 2320 notissimum.

93 2338 187 2404 India
218 2361 285 2404 non
313 2339 385 2406 Eoo
417 2343 547 2406 tantum
581 2341 732 2424 adposita
765 2341 894 2428 pelago,
932 2343 987 2408 sed
1021 2348 1054 2408 et
1084 2344 1115 2408 ei
1133 2359 1166 2408 61

95 2427 181 2512 quod
204 2428 244 2493 ad
269 2429 439 2494 meridiem
463 2433 613 2513 spectans
634 2428 782 2496 Indicum
805 2430 959 2514 diximur,
982 2435 1015 2496 et
1037 2431 1129 2497 hino*

55 2532 82 2574 so
97 2515 197 2581 Tauri
219 2517 315 2603 iugis,
338 2517 380 2582 ab
404 2517 571 2583 ooeidente
596 2515 678 2582 lndo
701 2518 796 2584 finita
817 2521 946 2584 tantum
970 2519 1113 2603 spatium
1138 2521 1140 2526 ’

94 2604 201 2671 litoris
221 2609 365 2692 oeoupat,
388 2610 548 2692 quantum
571 2627 630 2691 per
653 2607 823 2692 sexaginta
846 2607 915 2672 dies
937 2612 1119 2692 noctesque

93 2693 332 2760 velificantibus
352 2715 464 2762 eureus
484 2699 547 2781 est3
569 2695 617 2760 ita
635 2696 774 2761 multum
794 2718 814 2760 a
831 2696 953 2762 nostris
973 2697 1113 2763 abducta

166 2875 190 2920 1.
209 2867 324 2922 hiemen
340 2870 369 2922 A
424 2875 449 2926 3.
469 2869 647 2940 quanssquam
664 2872 693 2924 A
747 2875 773 2924 4.
792 2869 918 2939 proxime
939 2872 967 2924 A
985 2870 1113 2940 proxima

93 2954 114 2992 a
164 2943 188 2990 o.
199 2935 347 3005 fulgoreA
356 2937 496 3007 fulgorem
505 2957 525 2994 e
576 2947 600 2995 6.
615 2940 710 3009 talgae
721 2939 761 2994 A¹
771 2955 840 2994 corr.
850 2939 938 3010 Talge
948 2940 1113 2998 Reinololr‘rs

168 3012 191 3061 7.
211 3004 319 3060 fertiles
333 3007 374 3062 11ι
394 3023 463 3062 corr.
478 3007 580 3062 fertilis
598 3026 615 3064 o
688 3015 729 3066 10.
749 3009 859 3077 aliquot
872 3011 913 3064 A¹
927 3026 995 3066 corr.
1070 3018 1111 3067 13.

96 3093 191 3132 eorum
204 3093 318 3132 recursu
327 3080 354 3132 A
369 3076 459 3132 Eoum
470 3094 546 3132 mare
557 3095 653 3134 oureus
664 3080 819 3135 Pisatiareas
874 3086 914 3134 15.
930 3079 966 3134 ad
989 3079 1063 3136 osita
1071 3083 1113 3137 A¹

96 3147 227 3219 apposita
235 3147 277 3202 A¹
290 3147 328 3201 ad
339 3146 439 3202 Colida
448 3148 573 3205 Semitas
628 3149 769 3204 omnisues
779 3150 807 3204 A
821 3149 857 3203 oh
867 3149 948 3205 nives
996 3168 1113 3210 mamaea

165 3225 207 3274 1⁷.
228 3235 313 3289 sagae
331 3221 360 3274 A
379 3218 467 3274 Sacae
491 3219 618 3276 Seterrae
691 3227 732 3276 18.
755 3219 942 3276 inhabitabile
966 3223 995 3277 A
1066 3230 1109 3280 10.

95 3289 242 3344 adtollitur
254 3290 296 3346 A¹
310 3289 452 3345 attollitur
460 3290 502 3346 Α*
552 3296 594 3346 22.
605 3297 670 3360 post
678 3289 791 3362 peragit
808 3292 986 3349 interstitium
999 3295 1113 3352 tulerim

98 3360 249 3416 litterarum
293 3360 442 3416 notissima
455 3362 483 3416 A
497 3360 678 3416 notissimum
692 3361 822 3418 Sanctius
839 3370 865 3418 et
883 3365 1018 3421 ademit
1036 3373 1111 3422 eate-

98 3431 249 3486 oedeatibus
320 3439 363 3487 23.
384 3447 418 3486 eo
436 3432 464 3488 A
482 3433 578 3488 Eoos
651 3439 693 3488 11.
714 3434 824 3503 spectat
841 3435 869 3488 A
888 3437 1018 3506 spectans
1037 3454 1058 3492 a

97 3506 136 3556 25.
155 3499 221 3555 inde
239 3503 268 3556 A
285 3503 356 3558 ludo
373 3521 394 3560 a
465 3503 546 3558 tanto
567 3503 660 3574 spatio
677 3505 706 3559 A
723 3505 834 3559 tantum
853 3507 976 3577 spatium
993 3523 1013 3562 a

1133 1516 1281 1567 b9l
