2610 4072
377 269 560 326 cleoneae.
579 269 606 324 11
625 275 641 325 a
661 271 789 340 (er-ra
1044 269 1085 335 31

73 435 161 498 mine
194 434 309 518 grandi
339 433 447 499 fronte
476 432 637 518 procedit,
669 454 745 498 mox
772 432 856 497 mari
887 435 1025 519 utroque
1056 438 1089 498 et

71 523 165 588 Ionio
189 523 296 607 magis
315 523 420 587 latera
439 522 508 587 eius
526 522 680 606 intrante,
702 522 803 587 donec
824 524 980 605 quattuor
998 521 1090 586 milia

71 633 228 696 passuum
251 614 374 695 pateat,
397 609 504 675 media
521 609 624 676 ferme
647 617 748 694 p'rope
766 609 930 676 inciditur.
976 609 1089 674 deinde
1108 624 1143 674 ³8

71 722 201 766 rursum
224 699 320 764 terris
343 699 407 764 huc
431 721 465 764 se
489 702 522 763 et
544 698 633 784 illuc,
655 719 767 764 verum
789 699 824 762 in
846 698 977 764 Ionium
999 720 1089 763 mare
1121 723 1132 758 ⁴.

44 790 179 874 smagis
203 786 461 872 expandentibus
479 787 724 870 progressisque
747 787 782 851 in
801 787 915 872 altum,
936 791 1091 854 nontam

71 878 142 941 lata
169 897 269 959 quam
301 878 464 959 coeperat,
496 875 610 960 ingene
640 877 751 940 tamen
781 874 901 944 iterum
934 879 966 940 et
998 876 1092 960 quasi

71 985 176 1046 paene
199 963 305 1028 insula
327 962 526 1042 extenditur,
547 965 747 1047 vocaturque
770 962 1022 1048 Peloponnesos,
1046 965 1088 1030 ob

74 1052 163 1116 sinus
188 1055 222 1115 et
242 1050 480 1135 promunturia,
503 1052 576 1136 quis
600 1054 637 1116 ut
657 1050 751 1116 fibris
774 1050 873 1116 litora
897 1052 966 1117 eius
989 1053 1093 1120 incisa

73 1143 164 1224 sunt,
197 1139 296 1204 simul
328 1139 411 1223 quod
443 1140 534 1206 tenui
561 1140 693 1204 tramite
725 1139 760 1203 iu
791 1139 878 1209 latus
911 1139 1092 1223 effimditnr,

30 1253 57 1293 10
71 1228 200 1311 platani
221 1227 301 1293 folio
321 1228 497 1292 simillima.
544 1249 564 1292 a
580 1227 774 1293 Macedonia
796 1228 902 1312 prima
924 1231 976 1293 est
994 1226 1092 1294 'Phes-
1111 1243 1145 1294 39

73 1316 174 1400 salia,
215 1314 331 1382 deinde
367 1315 557 1401 Magnesia,
592 1315 778 1400 Phthiotis,
814 1315 930 1399 Doris,
971 1315 1094 1401 Locris,

72 1404 207 1488 Phocis,
229 1404 378 1488 Boeotis,
401 1404 532 1487 Atthis,
554 1403 708 1488 Megaris,
731 1405 787 1469 sed
811 1405 956 1470 omnium
978 1403 1093 1470 Atthis

73 1491 268 1576 clarissima,
301 1493 337 1558 in
367 1492 594 1576 Peloponneso
628 1492 774 1577 Argolis,
806 1493 978 1578 Laconico,
1010 1493 1093 1559 Mes-

73 1580 173 1664 senia,
195 1580 330 1666 Achaia,
352 1579 435 1665 Elis,
456 1580 611 1664 Arcadia3
633 1581 724 1646 ultra
745 1579 887 1666 Aetolia,
908 1581 1094 1648 Acarnania

31 1690 57 1730 15
73 1673 107 1732 et
128 1667 249 1753 Epiros
272 1670 433 1752 usquein
454 1667 611 1734 Hadrian.
658 1668 696 1732 de
724 1669 805 1733 locis
834 1673 931 1752 atque
957 1670 1093 1735 urbibus
1112 1685 1147 1734 40

74 1777 156 1839 quae
179 1777 269 1820 mare
292 1777 360 1820 non
384 1755 488 1820 adluit
509 1756 590 1820 haec
608 1756 749 1820 maxime
772 1757 981 1822 memoranda
1004 1761 1094 1822 sunt:

73 1843 110 1906 in
133 1841 305 1908 Thessalia
328 1863 414 1908 nuno
437 1843 569 1909 Larissa
597 1843 773 1927 aliquando
799 1843 921 1929 Iolcos,
947 1845 982 1910 in
1003 1844 1094 1931 Mag-

73 1932 166 1996 nesia
202 1931 379 2017 Antronia,
416 1933 451 1996 in
486 1930 680 1998 Phthiotide
715 1931 853 2018 Phthia,
887 1933 922 1997 in
957 1932 1094 2000 Locride

74 2017 183 2104 Cynos
208 2025 241 2086 et
265 2017 440 2105 Calliaros,
469 2021 503 2085 in
526 2019 670 2086 Phocide
691 2019 812 2106 Delphi
840 2025 873 2088 et
900 2043 994 2098 mons
1017 2022 1094 2090 Par-

30 2129 58 2168 ro
71 2130 187 2174 nasses
211 2113 244 2173 et
261 2109 426 2192 Apollinis
445 2109 558 2174 fanum
582 2113 681 2194 atque
704 2110 880 2195 oraculum,
903 2109 938 2176 in
955 2109 1094 2177 Boeotia

73 2195 205 2262 Thebae
224 2200 257 2261 et
276 2194 453 2262 Cithaeron
470 2197 594 2263 fabulis
613 2197 878 2283 carminibusque
898 2199 1093 2284 celebratum

73 2283 108 2344 in
144 2283 280 2348 Atthide
317 2283 454 2349 Eleusin
491 2282 600 2349 Cereri
632 2291 836 2368 consecrata,
872 2291 906 2350 et
939 2288 1092 2352 clariores
1111 2304 1146 2352 11

75 2391 172 2453 quam
199 2375 237 2435 ut
264 2370 402 2434 indicari
430 2375 548 2456 egeant
570 2372 734 2456 Athenae,
761 2373 796 2436 in
818 2372 986 2458 Megaride
1008 2375 1094 2439 unde
1122 2399 1126 2406 ·

73 2458 201 2541 regioni
222 2478 341 2526 nomen
370 2462 421 2524 est
443 2458 593 2544 Megara,
618 2464 656 2525 ut
682 2460 718 2524 in
740 2460 899 2544 Argolide
922 2461 1031 2547 Argos
1061 2467 1094 2528 et

32 2567 59 2607 as
72 2545 228 2630 Mycenae
258 2550 291 2612 et
322 2546 482 2633 templum
503 2546 645 2614 iunonis
676 2551 841 2614 vetustate
872 2554 918 2615 et.
932 2549 1093 2634 religione

71 2635 266 2720 percelebre,
288 2636 323 2700 in
340 2635 503 2702 Laconide
521 2635 974 2726 Therapnae,·Lacedaem0n,
992 2640 1090 2724 Amy—

73 2724 150 2807 clae,
168 2745 263 2790 mons
281 2725 458 2811 Taygetus,
476 2724 511 2788 in
523 2724 686 2792 Messenia
703 2725 851 2793 Messene
871 2731 904 2794 et
922 2727 1090 2813 Methone3

72 2811 108 2875 in
131 2812 258 2877 Achaia
282 2817 379 2896 atque
401 2812 498 2878 Elide
521 2814 684 2898 quondam
708 2815 805 2883 Pisae
828 2815 998 2902 Oenomai,
1021 2815 1093 2883 Elis
1111 2833 1146 2884 42

4 3061 6 3098 ;
146 3040 171 3088 4.
191 3049 259 3088 vero
277 3034 305 3089 A
323 3051 455 3092 vertuno
527 3045 550 3095 1.
569 3041 777 3110 peloponnesos
795 3040 837 3093 A¹
856 3057 924 3096 corr.
1000 3047 1040 3096 10.
1061 3041 1091 3096 in

4 3143 6 3150 .
73 3104 239 3160 macedonia
265 3105 294 3161 A
320 3121 337 3159 a
363 3105 532 3162 Macedonia
560 3109 713 3166 Pedianus
795 3117 835 3164 11.
864 3109 1023 3180 aphthiotis
1049 3113 1091 3168 A¹

4 3227 6 3240 ,
71 3175 212 3248 phthiotis
226 3175 268 3230 A*
322 3183 363 3232 14.
383 3177 530 3233 aohaeeA
544 3179 685 3236 Achaiae
739 3179 862 3234 aeotolia
875 3181 917 3235 A¹
931 3181 1036 3238 aetolia
1049 3183 1089 3238 A¹

4 3267 6 3308 ς
144 3253 185 3303 15.
201 3247 300 3301 adrian
318 3249 346 3301 A
363 3247 490 3303 Hadrian
508 3252 608 3320 scripsi
676 3257 717 3306 11.
738 3250 854 3306 clarissa
872 3251 913 3306 A¹
932 3252 1031 3310 larissa
1049 3254 1089 3309 A¹

126 3323 168 3374 18.
182 3317 326 3390 pthiotidc
339 3318 423 3389 pthia
436 3320 464 3374 A
532 3327 574 3378 20.
590 3322 674 3390 atque
688 3321 730 3376 1¹
744 3339 813 3378 corr.
886 3329 928 3381 21.
945 3324 1090 3382 cithaeron

72 3388 113 3441 A¹
127 3405 195 3445 corr.
248 3395 292 3444 22.
312 3389 403 3444 attide
417 3391 445 3445 A
459 3391 578 3446 Atthide
592 3409 613 3448 a
683 3398 726 3448 23.
744 3393 889 3462 megarida
902 3395 930 3448 A
943 3395 1087 3466 Megaride

71 3477 150 3585 pem
163 3465 205 3587 2υ4.
224 3461 354 3530 argolida
371 3461 413 3515 A¹
431 3478 499 3520 corr.
514 3462 650 3532 Argolide
667 3481 685 3520 o
756 3470 798 3520 11.
818 3466 959 3522 messenia
972 3469 1000 3522 A
1014 3467 1088 3522 Mes-
