2610 4072
125 176 177 207 *ἢ

142 247 165 262 ”
211 281 253 346 18
556 277 736 334 remorer
754 277 879 333 unum

209 463 366 529 magnum
387 443 546 528 impetum
568 439 662 506 brevi
685 440 778 506 alveo
797 440 901 506 lraxil
922 439 1043 506 ilerum
1060 439 1236 506 demersus

210 531 427 598 absconditur.
471 531 559 595 inira
588 528 732 612 spatium
760 531 810 594 esi
837 528 943 613 magis
968 550 1066 614 quam
1096 531 1134 593 ul
1155 550 1237 613 pro·

210 621 303 706 gredi
334 620 507 704 quisquam
539 617 628 683 aueil
656 616 814 683 horribile
846 621 880 682 el
910 617 984 682 ideo
1016 616 1236 702 insegnilnm.

157 725 190 774 75
210 713 298 774 totus
322 711 432 773 aulem
449 727 555 790 apertas
572 709 733 789 augustus
753 709 787 772 et
804 727 880 772 vere
899 725 999 790 saoer,
1020 705 1237 790 habilemque

209 820 229 862 a
253 797 316 862 diis
340 799 373 861 el
401 796 518 881 dignus
542 799 576 861 el
603 795 757 879 creditus,
782 795 867 860 nihil
894 813 960 861 non
982 794 1168 860 venerabile
1196 799 1236 860 et
1263 813 1273 852 ⁵

157 903 191 952 76
211 885 305 971 quasi
328 906 401 950 oum
420 884 532 970 aliquo
553 884 687 949 numine
706 905 740 948 se
763 887 916 949 oslentaa
962 881 1045 948 alius
1068 883 1156 948 ullra
1178 888 1236 948 est

209 995 306 1060 quem
327 972 545 1059 Typhoneum
568 975 695 1056 vooanl,
718 993 774 1037 ore
797 974 936 1074 anguslo
959 975 993 1037 et
1016 971 1165 1073 mullum,
1193 976 1235 1038 ut

208 1065 349 1218 {sall
364 1062 802 1235 ldlhqdllllpd
824 1060 948 1232 llll,
965 1059 1233 1233 lldlhlll?

208 1241 337 1326 quando
360 1240 466 1305 oubile
490 1237 657 1321 Typhonis
680 1236 745 1302 fuil
766 1240 801 1302 el
823 1237 899 1321 quia
922 1257 1008 1302 nuno
1030 1236 1171 1302 demissa
1194 1239 1232 1302 in
1248 1257 1268 1295 10

134 1336 138 1340 ’
208 1352 243 1395 se
266 1328 438 1394 oonieslim
462 1325 630 1391 exanimat
651 1330 770 1391 nature
791 1325 967 1409 fabulaque
991 1324 1231 1392 memorandus.

156 1435 189 1483 77
208 1418 272 1482 duo
292 1414 408 1481 deinde
425 1413 655 1499 promunhrria
673 1417 750 1479 suna
768 1411 945 1499 Sarpedon,
962 1413 1037 1480 finis
1055 1414 1231 1498 aliquando

207 1507 302 1590 regni
326 1502 540 1588 Sarpedonis,
569 1505 604 1568 el
629 1504 716 1586 quod
738 1500 888 1568 Ciliciam
915 1524 936 1567 a
957 1502 1155 1586 Pamphylia
1182 1503 1230 1568 di-

210 1593 349 1680 stinguit
367 1592 589 1672 Anemurium,
607 1591 757 1676 interque
776 1613 815 1657 ea
828 1588 1014 1656 Celenderis
1032 1595 1067 1656 el
1079 1589 1229 1676 Nagidos

212 1681 395 1748 Samiorum
416 1681 583 1765 oolonia03
607 1680 664 1746 sed
682 1678 868 1746 Celenderis
887 1677 1068 1764 Sarpedeni
1085 1680 1227 1764 propior.
1246 1699 1267 1736 1⁵

156 1755 197 1815 14
296 1771 337 1836 In
357 1769 557 1856 Pamphylia
576 1773 627 1834 eal
645 1769 750 1835 Melas
773 1768 968 1853 navigabilis
986 1768 1114 1854 fluvius,
1135 1770 1225 1853 oppi-

152 1829 188 1879 η
208 1859 284 1925 dum
308 1858 385 1925 Sida
410 1863 446 1924 el
474 1859 559 1924 aller
585 1859 702 1924 fiamus
727 1857 950 1942 Eurymedon.
995 1877 1116 1942 magna
1143 1858 1228 1941 apud

207 1970 281 2012 eum
305 1946 451 2012 Cimonis
473 1946 723 2012 Alheuiensium
747 1946 837 2011 duois
870 1945 1026 2011 adversus
1048 1944 1226 2011 Phoenissa

206 2040 240 2100 el
266 2035 381 2100 Persas
413 2034 541 2099 navalis
572 2054 683 2118 pugna
715 2037 813 2120 alque
845 2034 984 2100 violaria
1012 2034 1084 2099 fuit.
1133 2055 1224 2098 mare

207 2145 270 2209 quo
293 2125 476 2208 pugnatum
499 2124 550 2188 eat
568 2143 608 2187 ex
631 2122 718 2187 edile
734 2121 908 2188 admodum
923 2113 1013 2188 'oolla
1035 2124 1265 2207 prospectatur

206 2212 387 2297 Aspendos,
406 2232 503 2295 quam
517 2210 634 2295 Argiui
653 2209 871 2295 condiderant,
889 2212 1064 2296 possedere
1082 2209 1225 2278 fimeimi.

154 2320 187 2369 79
208 2301 322 2367 deinde
341 2300 399 2366 alii
421 2299 486 2365 deo
504 2299 699 2365 validissimi
717 2297 849 2366 Cestros
873 2304 907 2366 el
925 2299 1126 2366 Cataractes:
1149 2296 1226 2364 Ces·

206 2396 277 2456 tros
300 2389 451 2476 navigari
468 2389 587 2475 facilis,
607 2388 662 2455 hio
679 2389 756 2475 quia
778 2411 813 2455 se
831 2389 1027 2474 praeeipilal
1043 2388 1093 2453 iia
1111 2388 1228 2453 dotus.

206 2481 293 2545 inler
307 2501 363 2546 eos
376 2479 484 2565 Perga
501 2482 553 2544 est
566 2479 730 2564 oppidum,
748 2483 782 2544 et
794 2477 920 2544 Dianae
935 2497 1032 2561 quam
1047 2477 1089 2539 ab
1103 2476 1227 2556 oppido

208 2568 387 2653 Pergaeam
405 2571 524 2632 vooaul
541 2567 709 2650 templum.
745 2571 837 2631 trans
857 2563 986 2628 eosdem
1004 2581 1098 2626 mona
1113 2559 1228 2625 Sarde—
1244 2582 1267 2622 a

206 2657 308 2721 misos
333 2659 366 2720 et
388 2653 537 2719 Phaselis
561 2677 581 2716 a
603 2653 720 2735 Mopso
747 2651 878 2716 eondila
902 2649 976 2713 finis
999 2647 1226 2735 Pamphyliae.

156 2727 197 2788 15
296 2741 397 2826 Lyoia
425 2741 595 2822 continuo,
623 2739 853 2822 cognominata
875 2759 896 2802 a
922 2735 1010 2820 Lyoo
1035 2757 1113 2822 rege
1140 2737 1226 2804 Pan-

153 2802 188 2851 ⁸⁰
207 2830 311 2898 dionis
330 2828 408 2910 filio,
432 2832 538 2912 alque,
560 2829 597 2892 ul
614 2824 733 2909 ferunt,
755 2825 912 2892 infeslala
935 2826 1014 2891 olim
1033 2824 1227 2894 Chimaerae

205 2971 418 2982 s———--—--

277 3045 301 3097 7.
316 3053 401 3108 quam
414 3035 463 3089 aut
477 3035 505 3090 A
560 3041 584 3090 4.
600 3050 701 3106 specus
710 3041 776 3106 post
794 3039 887 3091 aulem
902 3037 965 3093 add.
982 3037 1095 3094 Certiae
1113 3037 1225 3093 Wacke-

204 3113 281 3167 muth
352 3113 377 3164 8.
396 3103 515 3188 adsidue
529 3107 570 3161 A²
588 3105 703 3162 assidue
716 3107 757 3162 A²
830 3115 872 3190 ¹⁰:
891 3107 1008 3189 dimissa
1021 3109 1048 3163 A
1067 3107 1226 3186 demissae

204 3252 246 3308 u
266 3179 597 3306 &laureas
619 3185 809 3306 aaa
825 3175 1225 3318 ausaausa?

205 3320 361 3404 oeiandaris
379 3323 408 3378 A
462 3319 592 3392 proprior
610 3320 651 3376 A¹
669 3319 785 3390 propior
803 3319 844 3374 A*
918 3326 959 3374 16.
978 3315 1163 3442 phamzhylie
1181 3319 1224 3374 11¹
1242 3389 1246 3398 ,

203 3391 370 3466 pamphyha
387 3392 428 3447 A¹
501 3398 543 3448 19.
561 3392 653 3461 adque
677 3391 718 3446 A¹
740 3391 825 3460 alque
848 3387 890 3446 A’
962 3389 1170 3444 uenerantes
1194 3391 1223 3444 A

205 3481 366 3537 Cataractes
388 3479 534 3536 Barbarae
605 3486 648 3536 25.
668 3479 843 3547 sardemyeoe
866 3479 895 3534 A
966 3483 1009 3535 27.
1028 3457 1104 3534 lhoia
1121 3477 1164 3532 A¹
1181 3478 1224 3533 ool

203 3555 328 3611 A’oorr.
400 3557 443 3609 78.
462 3551 603 3606 chimerae
621 3552 650 3606 A
