2610 4072
353 227 535 286 oflonoert.
555 227 638 285 1111.
658 235 674 285 s
694 231 822 300 (rr-19)
1049 229 1092 296 59

65 415 139 478 que
178 396 253 458 sunt
289 392 345 458 sed
382 413 518 476 quorum
553 391 688 458 nomine
723 395 837 458 nostro
874 411 929 457 ore
966 392 1093 476 concipi

64 485 249 568 nequeant.
304 501 363 566 per
394 481 415 560 †
448 480 545 546 eundi
577 483 611 544 ct
640 478 798 547 Salaenos
831 478 1000 566 Saunium,
1036 501 1094 564 per

63 569 274 656 Autrigones
298 574 331 635 et
353 567 608 654 Orgenomescos
626 567 793 635 Namnasa
817 568 993 652 descendit,
1017 569 1094 648 ett

65 658 217 725 Devales
250 656 379 724 Tritino
411 656 564 722 Bellunte
596 657 712 742 cingit,
742 662 777 722 et
807 656 944 723 Decium
974 656 1094 722 Aturia

30 767 50 806 e
67 745 205 813 Sonans
234 743 336 812 Seuso
366 749 399 810 et
425 743 591 830 Magrada.
640 743 791 811 Vardulli
817 767 883 810 una
909 766 989 832 gene
1017 745 1093 812 hinc

67 834 115 901 ad
140 834 302 918 Pyrenaei
329 834 400 918 iugi
424 832 687 916 promunturium
714 833 879 916 pertinens
907 831 1010 900 cludit
1036 833 1094 899 Hi·

67 943 323 1094 epamggqustur
345 1008 471 1075 Galliae
498 1009 586 1074 latus
613 1009 766 1093 alterum,
794 1010 884 1075 cuiue
908 1030 965 1075 ore
988 1011 1092 1094 primo
1112 990 1146 1117 ᾗ

69 1098 161 1166 nihil
188 1117 363 1182 progressa
394 1099 429 1162 in
459 1096 563 1162 altum
594 1119 670 1163 mox
701 1098 894 1163 tantundem
925 1117 1028 1183 paene
1059 1100 1094 1164 in

20 1206 55 1245 ιο
70 1187 213 1272 pelagus
238 1183 393 1252 excedens
412 1187 569 1270 quantum
592 1189 681 1251 retro
699 1181 860 1271 Hispania
883 1187 1094 1270 abscesserat,

71 1273 281 1341 Cantabricis
299 1275 338 1339 fit
350 1274 486 1341 adversa
503 1274 610 1358 terrie,
628 1278 663 1340 et
680 1274 797 1358 grandi
815 1273 952 1342 circuitu
969 1274 1095 1340 adflexa

73 1363 117 1428 ad
146 1361 347 1428 occidentem
374 1363 454 1428 litus
482 1362 632 1429 advertit.
680 1366 758 1428 tunc
785 1362 825 1428 ad
858 1363 1093 1448 septentriones

74 1469 234 1516 conversa
256 1451 376 1516 iterum
395 1451 495 1536 longo
517 1454 669 1536 rectoque
692 1455 798 1518 tractu
818 1452 857 1517 ad
879 1452 968 1537 ripas
987 1450 1093 1518 Rheni

74 1540 182 1605 amnis
214 1539 415 1624 expanditur.
465 1544 553 1605 terra
586 1542 636 1604 est
667 1539 824 1606 frumenti
854 1539 1026 1625 praecipue
1056 1561 1093 1605 ae
1113 1557 1146 1606 1⁷

30 1645 60 1688 15
74 1625 188 1711 pabuli
221 1627 314 1692 ferar
346 1632 379 1692 ct
411 1647 548 1693 amoene
580 1627 663 1692 lueis
696 1628 892 1694 inmanibus.
943 1628 1094 1712 quioquid

77 1737 117 1780 ex
140 1714 223 1782 sotis
245 1713 379 1799 frigoris
407 1714 581 1799 impatiens
604 1718 655 1780 est
677 1735 774 1800 aegre
800 1737 861 1780 nee
882 1715 1001 1799 ubique
1024 1715 1095 1799 alit,

79 1803 231 1886 salubris,
255 1806 288 1867 et
308 1802 407 1868 noxio
430 1821 549 1888 genere
568 1803 759 1868 animalium
781 1803 916 1870 minime
933 1803 1095 1888 frequens.

79 1893 193 1976 gentes
226 1891 384 1975 superbae
416 1891 663 1976 superstitiosae
695 1892 867 1977 aliquando
900 1891 999 1958 etiam
1035 1892 1094 1956 im·
1115 1909 1148 1959 18
1278 1942 1280 1961 .

78 1999 190 2046 menes
214 1978 294 2046 adeo
317 1984 355 2046 ut
376 1979 540 2046 hominem
560 1981 718 2066 optimam
741 1984 775 2046 et
791 1981 1014 2068 gratissimam
1032 1980 1094 2046 diis

37 2087 65 2127 ao
78 2069 246 2134 victimam
278 2069 455 2136 crederent
509 2074 642 2136 manent
677 2071 819 2156 vestigia
853 2069 994 2135 feritatis
1028 2069 1095 2135 iam

78 2156 232 2239 abolitae,
254 2161 353 2241 atque
375 2161 413 2223 ut
436 2157 477 2222 ab
500 2158 626 2224 ultimis
650 2158 802 2224 caedibus
824 2160 1024 2242 temperant,
1046 2158 1095 2223 ita

79 2242 301 2326 nibilominus,
322 2245 379 2308 ubi
401 2244 534 2310 devotos
554 2246 713 2311 alteribus
736 2246 917 2329 admovere,
939 2245 1094 2310 delibant.

79 2329 201 2396 habent
220 2333 330 2395 tamen
348 2335 381 2396 et
397 2331 583 2396 facundiam
603 2353 695 2396 suam
709 2331 950 2416 magistrosque
969 2332 1095 2416 sapien·

81 2419 147 2484 tiae
173 2415 314 2483 druidas.
364 2417 399 2483 hi
430 2422 537 2484 terrae
568 2419 743 2505 mundique
771 2419 1030 2505 magnitudinem
1062 2423 1095 2485 et
1115 2437 1147 2487 19

44 2507 233 2590 reformem,
261 2510 369 2572 motus
397 2507 479 2572 coeli
507 2527 546 2572 ae
573 2507 728 2594 siderum,
755 2512 788 2573 et
814 2506 892 2593 quid
918 2506 964 2572 dii
992 2503 1095 2574 velint

82 2595 161 2662 scire
191 2595 396 2680 profitentur.
446 2591 565 2661 docent
596 2597 700 2662 multe
730 2595 954 2663 nobilissimos
987 2597 1094 2682 gentis

82 2685 162 2751 clam
189 2688 223 2750 et
251 2683 320 2768 diu,
347 2683 470 2750 vicenis
498 2685 604 2770 annis,
632 2689 690 2750 aut
716 2686 751 2750 in
773 2705 871 2770 specu
899 2684 1016 2752 autin
1038 2685 1094 2754 ab·

83 2773 157 2838 ditis
175 2772 325 2838 saltibus.
360 2794 461 2838 unum
480 2794 520 2838 ex
537 2773 590 2838 his
608 2792 692 2858 quae
704 2774 908 2858 praecipiunt
926 2773 961 2838 in
974 2773 1093 2858 vulgus

150 2933 174 2981 t.
194 2925 354 2996 avariginos
372 2928 400 2980 A
423 2927 593 2998 Autrigones
610 2929 757 2986 Borboros
811 2945 1047 3054 orgenomesquos
1066 2930 1095 2983 A

87 2996 301 3067 Orgenomescos
324 2996 509 3054 AGronooe'us
579 3007 604 3056 4.
624 3005 649 3056 t.
667 3001 750 3057 uerbo
772 2999 845 3055 deva
857 3017 887 3054 es
907 3030 941 3040 -
959 2999 1095 3069 magrada

85 3083 180 3124 eoam
196 3083 254 3122 aaa
267 3069 351 3136 potui
421 3075 447 3124 4.
465 3068 558 3124 sturia
575 3069 617 3124 A¹
633 3073 751 3141 meaptis
769 3073 868 3128 littam
885 3069 929 3124 ris
949 3071 983 3126 sn
1003 3073 1094 3140 spatio

85 3155 165 3196 cocao
220 3144 245 3193 ὃ.
263 3138 400 3210 magr-ada
417 3139 546 3196 varduli
564 3157 620 3196 una
637 3141 678 3195 A'
696 3144 815 3212 eccepa'e
833 3143 930 3198 litteris
948 3156 1045 3212 magra
1063 3143 1095 3196 io

85 3211 167 3279 epoto
189 3225 276 3266 uacuo
347 3210 616 3281 &promunturium
634 3212 676 3266 A¹
693 3211 919 3282 promuntorium
936 3209 977 3266 4¹
1051 3217 1093 3270 15.

87 3278 236 3334 inmanibus
259 3279 301 3333 A¹
323 3279 492 3337 immcmbus
514 3280 556 3335 A¹
609 3281 745 3351 quiequid
767 3278 808 3337 A¹
831 3299 900 3338 corr.
978 3289 1019 3340 16.
1042 3283 1096 3337 im·

88 3349 189 3474 qqtiens
203 3349 245 3404 A¹
263 3365 332 3407 corr.
387 3366 455 3422 ager
473 3351 501 3406 A
519 3366 604 3422 aegre
623 3369 640 3408 o
712 3358 755 3409 20.
775 3352 904 3408 veritads
926 3353 955 3407 A
973 3351 1094 3410 feritatis

113 3419 227 3476 aimaro
311 3428 353 3478 21.
378 3424 462 3491 atque
490 3423 531 3478 A¹
559 3437 628 3480 corr.
709 3429 752 3479 22.
780 3423 899 3479 devotm
921 3425 950 3479 A
974 3425 1094 3480 devotos

91 3489 234 3546 Heracome
305 3499 348 3548 24.
373 3492 486 3548 druides
509 3492 551 3547 A¹
573 3511 641 3550 corr.
715 3501 757 3550 27.
777 3494 877 3550 vicinis
901 3495 929 3549 A
951 3495 1094 3551 viceniso
