2610 4072
209 265 253 331 32
555 263 733 320 romono
750 263 875 320 naara

209 430 311 496 terior
330 427 462 494 adtollit
479 426 628 493 Haemon
646 431 680 493 et
697 427 879 512 Rhodopen
897 431 931 493 et
948 426 1102 512 Orbelon,
1124 430 1247 495 saeris

210 517 320 583 Liberi
351 517 455 602 patria
487 519 520 581 et
552 520 647 581 coetu
679 515 888 600 Maenadum,
920 515 1051 600 Orpheo
1083 517 1248 600 primum

210 607 375 688 initiante,
404 604 596 670 celebratos.
642 605 753 690 equis
777 603 919 670 Haemos
942 605 977 669 in
999 607 1128 670 tantum
1157 607 1247 671 alti-

209 694 331 760 tudinis
351 693 430 777 abit,
448 696 485 758 ut
502 692 667 760 Euxinum
686 697 720 759 et
737 692 884 758 Hadrian
903 715 942 758 ex
961 715 1087 758 summo
1106 696 1248 761 vertice

158 798 191 848 18
211 783 369 850 ostendat.
399 785 484 848 'una
511 803 591 868 gena
623 781 763 847 Thraces
790 781 961 867 habitant,
988 782 1062 846 aliia
1090 782 1244 868 aliisque
1271 779 1274 844 l

210 870 351 956 praediti
370 873 403 935 et
420 871 607 936 nominibus
628 875 660 936 et
678 871 832 938 moribus,
868 870 999 955 quidam
1017 870 1080 943 feri
1098 875 1183 936 sunt
1208 879 1245 938 et

211 959 415 1044 paratissimi
437 959 479 1025 ad
497 963 645 1040 mortem,
668 959 771 1025 Getae
789 960 909 1044 utique.
954 959 988 1023 id
1006 959 1098 1024 varia
1116 961 1242 1044 opinio

213 1048 353 1134 perficit3
383 1049 442 1114 alii
464 1048 624 1116 rediturae
647 1052 768 1131 putant
788 1049 914 1113 animae
937 1047 1144 1132 obeuntium,
1177 1050 1242 1115 alii

213 1138 276 1204 etei
297 1159 365 1203 non
387 1138 521 1203 redeant
542 1159 609 1202 non
631 1137 779 1220 extingui
796 1139 917 1219 tamen,
940 1136 996 1201 sed
1020 1136 1061 1200 ad
1079 1136 1242 1204 beatiora
1273 1159 1274 1228 l

211 1228 364 1311 transire,
387 1227 446 1291 alii
469 1225 571 1289 emori
594 1224 737 1308 quidem,
761 1223 817 1288 aed
838 1223 872 1287 id
895 1224 1011 1289 melius
1035 1245 1106 1291 esee
1130 1247 1239 1309 quam
1255 1237 1274 1304 ul

212 1317 329 1380 rivere.
374 1315 485 1396 itaque
503 1312 656 1395 lugentur
673 1312 760 1395 apud
778 1311 935 1396 quosdam
954 1313 1127 1397 puerperia
1145 1317 1239 1380 nati·

212 1423 273 1486 que
296 1401 464 1484 deflentur,
486 1400 603 1464 funera
621 1403 735 1466 contra
750 1399 837 1466 festa
856 1404 939 1481 eunt,
964 1405 996 1466 et
1015 1401 1116 1465 veluti
1136 1425 1238 1469 sacra

160 1507 192 1556 19
212 1493 310 1554 cantu
332 1489 469 1572 lusuque
492 1489 707 1555 celebrantur.
751 1511 792 1554 ne
814 1489 945 1554 feminis
969 1489 1098 1573 quidem
1117 1494 1237 1576 segnis

213 1577 339 1642 animur
363 1580 423 1643 eet.
464 1597 561 1660 super
583 1579 786 1643 mortuorum
805 1577 950 1643 virorum
969 1599 1105 1662 corpora
1128 1579 1237 1646 inter·
1273 1547 1274 1622 l

211 1666 265 1730 fici
288 1665 449 1749 simulque
473 1665 604 1749 sepeliri
627 1670 741 1732 votum
764 1667 918 1732 eximium
937 1667 1069 1751 habent,
1092 1671 1126 1732 ot
1151 1671 1234 1753 quia
1249 1687 1267 1726 1⁵

211 1755 323 1840 plures
346 1754 444 1820 simul
466 1754 605 1840 cingulis
628 1759 749 1841 nuptae
773 1759 862 1840 aunt,
890 1756 980 1820 cuiue
1003 1755 1036 1819 id
1063 1756 1107 1826 eit
1129 1755 1234 1824 decus
1273 1741 1274 1828 l

214 1841 1234 2016 lllllllllfflilltlhllthtllh'htlhllss
1273 1865 1274 1884 ,

758 1982 767 2015 ,
1273 1979 1274 1988 ἶ

160 2019 349 2086 advincere.
395 2023 544 2084 maerent
572 2020 656 2086 aliae
679 2020 826 2104 vocibus,
853 2024 887 2084 et
910 2041 984 2085 cum
1007 2020 1233 2088 acerbissimis

211 2109 397 2193 planctibus
427 2107 571 2175 efferunt.
618 2111 652 2172 at
680 2108 797 2192 quibus
825 2109 988 2174 consolari
1016 2131 1070 2174 eae
1098 2109 1268 2176 enimuero

212 2201 276 2280 eet,
304 2219 395 2262 arma
423 2217 565 2280 opesque
593 2197 633 2260 ad
660 2217 757 2282 rogos
785 2197 948 2281 deferunt,
977 2198 1163 2282 paratique,
1195 2205 1235 2265 ut
1273 2201 1274 2252 l

212 2286 378 2368 dictitent,
405 2307 478 2350 cum
505 2285 574 2350 fato
602 2285 752 2370 iacentis,
780 2287 809 2351 ei
836 2286 988 2351 daturin
1016 2307 1147 2371 manua,
1176 2291 1234 2353 vel

123 2391 126 2397 ’
212 2375 333 2458 paciaci
360 2375 413 2439 vel
440 2373 622 2458 decernere,
654 2374 711 2440 ubi
737 2395 797 2440 nec
826 2396 955 2461 pugnae
981 2395 1041 2440 nec
1071 2377 1234 2460 pecuniae

160 2479 193 2528 21
213 2463 301 2528 locus
334 2463 391 2547 eit,
423 2484 486 2525 *aa
512 2466 709 2547 manentque
741 2463 888 2528 dominas
920 2464 1020 2547 proci.
1065 2466 1234 2548 nupturae

213 2552 356 2637 virginee
374 2573 442 2616 non
460 2574 480 2616 a
502 2552 692 2635 parentibus
710 2552 789 2616 viria
812 2552 995 2636 traduntur,
1019 2551 1076 2618 sed
1097 2553 1233 2636 publice
1248 2571 1269 2612 ²⁵

214 2644 271 2705 aut
284 2640 434 2705 locantur
448 2639 609 2704 ducendae
624 2642 681 2703 aut
694 2642 842 2704 veneunt.
871 2643 981 2704 utrum
994 2639 1054 2706 fiat
1067 2663 1106 2706 er
1119 2644 1232 2726 specie

215 2733 247 2794 et
270 2729 415 2793 moribus
440 2749 537 2796 causa
560 2730 619 2791 est.
663 2726 786 2810 probae
813 2726 1039 2814 formosaeque
1062 2729 1097 2794 in
1119 2733 1232 2812 pretio

216 2822 304 2902 sunt,
332 2821 454 2883 ceterae
479 2816 535 2900 qui
561 2815 706 2880 habeant
733 2815 879 2880 mercede
909 2821 1116 2901 quaeruntur.
1160 2818 1234 2884 vini

214 2927 291 2972 usus
319 2904 512 2989 quibusdam
540 2904 672 2988 ignotae
702 2906 765 2968 est:
797 2905 1005 2990 epulantibus
1033 2910 1144 2972 tamen
1170 2907 1233 2972 ubi

287 3179 309 3226 1.
329 3165 446 3224 adtollit
458 3167 500 3222 A¹
518 3165 626 3222 attollit
640 3167 680 3222 A’
739 3169 877 3225 haemona
890 3170 918 3223 A
936 3169 1063 3224 Haemon
1079 3162 1231 3223 Barbarus

276 3240 431 3310 rhodopem
448 3239 476 3292 A
494 3237 686 3308 Rhodopeue
754 3247 778 3296 2.
799 3241 904 3323 orpheo
923 3239 951 3292 A
1013 3241 1038 3290 8.
1056 3231 1167 3303 perficit
1184 3236 1231 3290 Α1
1273 3295 1274 3314 ,

214 3343 282 3384 corr.
348 3333 388 3382 16.
407 3329 512 3396 nuptae
531 3326 572 3380 Αι
590 3344 659 3384 corr.
724 3325 1005 3383 19.aliiAaliaeu
1041 3327 1110 3377 ·20.
1131 3329 1229 3381 eoeA
1273 3337 1274 3340 ’

214 3415 299 3454 eaeo
375 3401 418 3452 22.
441 3397 563 3452 inmania
585 3400 613 3453 A
636 3400 666 3454 in
688 3415 785 3454 manue
808 3417 824 3453 o
877 3403 942 3452 124.
967 3400 1030 3450 aare
1055 3396 1228 3465 manentque

214 3470 448 3595 1ωέιέΜὲἒὺιὲ
466 3468 641 3598 vin{tornines
664 3471 692 3525 A
711 3468 837 3524 dominae
860 3485 876 3524 o
943 3467 1081 3537 nupturae
1096 3466 1137 3520 A¹
1156 3485 1225 3524 corr.
