2610 4072
344 237 525 295 OHOROGR.
544 239 627 294 1112.
647 246 663 294 a
683 241 811 308 (la-ar)
1044 238 1085 303 61

58 406 178 466 terrae
200 401 418 485 procurrentis
445 401 480 468 in
502 403 638 486 pelagus
661 405 695 466 ct
723 423 780 466 ora
804 398 1011 466 Cantabricis
1034 401 1088 466 ad-

61 511 166 556 versa
189 490 353 574 litoribus,
382 490 455 554 aliis
477 489 607 574 populis
630 490 738 556 media
761 489 831 554 eius
853 488 1088 574 habitantibus,

61 579 107 643 ab
129 576 286 644 Santonis
309 578 349 643 ad
369 577 530 644 Ossismos
554 599 655 662 usque
678 577 810 644 deflexa.
856 578 898 643 ab
916 577 981 642 illis
1002 577 1089 642 enim

59 667 189 730 iterum
216 667 257 733 ad
285 666 525 752 septentriones
555 665 647 732 frons
674 667 808 732 litorum
838 666 988 752 respicit,
1018 687 1089 751 per·

24 755 219 840 stinetque
242 756 284 820 ad
305 755 441 820 ultimos
460 753 661 819 Gallicarum
683 756 829 840 gentium
851 752 1007 838 Morinos,
1030 775 1089 820 nec

64 847 170 927 portu
190 865 287 927 quem
301 841 511 908 Gesoriacum
529 847 647 908 vocant
662 843 838 927 quidquam
855 843 965 908 notius
979 843 1089 909 habet.

63 931 206 1012 Rhenus
234 929 375 1014 Alpibus
403 930 552 996 decidens
579 952 681 1015 prope
709 953 729 995 a
757 931 862 1014 capite
891 931 971 995 duos
999 931 1089 996 lacus
1109 947 1143 997 24

67 1019 175 1084 efficit
207 1017 371 1084 Venatum
402 1023 436 1084 et
468 1018 642 1084 Acronum.
697 1040 773 1084 mox
807 1019 863 1083 diu
896 1018 1019 1083 solidus
1057 1023 1089 1084 et

67 1111 160 1172 certo
190 1107 283 1172 alveo
312 1107 424 1191 lapsus
451 1106 539 1172 haud
565 1108 679 1191 procul
707 1129 726 1171 a
753 1108 836 1172 mari
863 1106 927 1170 huc
951 1110 985 1172 et
1011 1107 1091 1171 illuc

18 1217 54 1256 10
70 1196 292 1280 dispergitur,
330 1195 386 1262 sed
418 1195 459 1260 ad
496 1195 662 1260 sinistram
699 1195 804 1260 amnis
841 1195 1022 1260 etiamnum
1058 1200 1091 1259 et

68 1284 176 1348 donec
199 1283 312 1349 effluat
333 1283 482 1368 Rhenus,
510 1283 552 1348 ad
574 1283 720 1351 dextram
743 1285 850 1368 primo
876 1287 1035 1367 angustas
1058 1286 1091 1347 et

70 1372 123 1436 sui
147 1372 279 1456 similis,
301 1376 377 1456 post
400 1371 481 1456 ripis
503 1373 601 1456 longe
624 1371 752 1437 aelate
774 1371 999 1438 recedentibus
1023 1371 1091 1436 iam

70 1481 139 1524 non
176 1462 281 1526 amnis
314 1461 370 1526 sed
406 1461 520 1545 ingens
552 1461 643 1526 lacus
679 1461 737 1526 ubi
773 1481 904 1545 campos
941 1460 1091 1544 implevit

70 1547 171 1613 Flevc
196 1547 328 1631 dicitur,
357 1549 563 1633 eiusdemque
585 1550 727 1614 nominis
755 1549 897 1613 insulam
921 1549 1091 1632 amplexus

25 1656 57 1698 15
72 1637 112 1701 fit
134 1637 256 1702 iterum
279 1637 381 1702 artior
404 1637 586 1721 iterumque
608 1636 727 1702 fluvius
751 1637 920 1702 emittitur.

163 1722 340 1790 Germania
374 1724 452 1788 hinc
483 1725 564 1808 ripis
601 1725 669 1789 cius
706 1745 807 1808 usquc
844 1724 886 1789 ad
917 1723 1035 1808 Alpes,
1071 1703 1143 1829 a}5

38 1818 42 1824 '
73 1812 210 1877 meridie
236 1812 318 1896 ipsis
340 1812 497 1897 Alpibus,
524 1812 565 1877 ab
594 1813 719 1877 oriente
742 1810 994 1877 Sarmaticarum
1017 1832 1091 1876 con-

74 1901 154 1966 finio
169 1901 324 1985 gentium,
342 1922 407 1985 qua
421 1899 675 1985 septentrionem
690 1903 815 1986 spectat
830 1901 981 1966 oceanico
995 1899 1091 1964 litore

75 1988 216 2055 obducta
234 1994 293 2055 cst.
335 1989 391 2074 qui
409 1988 562 2055 habitant
584 1990 742 2055 immanes
762 1993 839 2055 sunt
857 1989 974 2054 animis
994 1992 1091 2074 atque
1111 2005 1146 2054 26

33 2098 61 2138 ao
75 2077 282 2162 corporibus,
318 2081 352 2143 et
384 2078 424 2143 ad
456 2079 590 2144 insitam
625 2078 790 2144 feritatem
827 2081 918 2144 vaste
954 2080 1093 2161 utraque

78 2169 240 2250 exercent,
270 2166 424 2231 bellando
457 2167 597 2251 animos,
633 2188 771 2251 corpora
803 2166 1015 2232 adsuetudine
1048 2165 1093 2230 la·

78 2252 194 2317 borum
211 2254 352 2318 maxime
370 2254 512 2337 frigoris.
543 2254 622 2319 nudi
641 2258 743 2339 agunt
761 2260 936 2338 antequam
954 2254 1094 2336 puberes

81 2340 158 2425 sint,
186 2344 220 2406 et
241 2341 434 2425 longissima
462 2341 546 2425 apud
570 2362 625 2406 eos
649 2342 790 2425 pueritia
816 2346 876 2408 est.
921 2340 983 2405 viri
1006 2339 1094 2426 sagis

80 2427 228 2494 velantur
259 2432 316 2494 aut
347 2426 441 2492 libris
472 2428 639 2512 arborum,
671 2429 818 2512 quamvis
850 2449 947 2494 saera
978 2427 1094 2492 bieme.

40 2535 67 2576 aa
80 2516 177 2581 nandi
199 2537 266 2582 non
287 2517 448 2601 patientia
474 2519 603 2581 tantum
630 2517 710 2600 illis,
738 2517 880 2582 studium
907 2517 1007 2582 etiam
1036 2520 1094 2582 est.
1114 2532 1147 2582 22

80 2605 261 2671 bellacum
284 2605 433 2670 finitimis
456 2608 587 2690 gerunt,
615 2625 729 2670 causas
754 2626 867 2670 eorum
895 2627 933 2670 ex
959 2589 1120 2670 libidinem

81 2695 389 2780 arcessunt,‘neque
413 2694 611 2779 inperitandi
638 2693 886 2778 prolatandique
914 2715 995 2778 quae
1020 2716 1092 2778 pos-

82 2783 194 2866 sident,
216 2805 293 2848 nam
315 2805 355 2848 ne
378 2783 437 2848 illa
460 2782 591 2868 quidem
614 2781 707 2847 enixe
726 2783 846 2867 colunt,
869 2783 925 2848 scd
948 2785 986 2848 ut
1009 2783 1095 2848 circa

151 2943 176 2991 2.
195 2935 260 2990 altis
279 2937 308 2991 A
325 2937 391 2991 aliis
408 2955 425 2993 c
497 2946 523 2993 3.
543 2937 669 3010 ossimoss
680 2939 722 2993 A¹
738 2937 870 2994 ossismos
884 2938 926 2994 A¹
998 2943 1024 2994 4.
1038 2937 1095 2992 fron

84 3009 123 3064 A¹
144 3006 220 3062 frons
244 3005 285 3062 A²
366 3013 391 3062 4.
416 3014 440 3064 5.
463 3008 661 3078 pertinentque
686 3010 714 3065 A
796 3017 820 3065 6.
845 3007 1029 3064 osoriciacum
1054 3007 1096 3062 A¹

84 3077 284 3150 gesericiacnm
297 3077 339 3132 A²
352 3077 533 3134 Gesoriacum
546 3097 566 3136 cc
616 3079 769 3150 quidquam
783 3079 824 3134 A¹
843 3079 993 3148 quicquam
1007 3077 1047 3133 A¹

85 3158 108 3206 9.
129 3150 225 3220 lapsus
244 3149 285 3203 A¹
303 3165 372 3205 corr.
427 3149 503 3204 hand
521 3150 562 3205 A¹
581 3167 650 3207 corr.
725 3157 767 3205 10.
787 3149 931 3204 sinistrum
953 3151 981 3204 A
1054 3155 1095 3206 15.

85 3220 172 3276 fluvfis
191 3221 219 3276 A
238 3218 339 3274 fluvius
358 3237 378 3276 rc
433 3226 475 3276 17.
495 3220 624 3294 orientes!
639 3222 668 3277 A
691 3269 696 3276 .
722 3219 921 3276 armaticamm
933 3221 976 3275 A¹
994 3236 1097 3276 sarma·

85 3291 198 3346 ticarum
211 3291 253 3346 A³
308 3298 349 3347 18.
365 3308 419 3361 quc
433 3291 475 3346 A¹
494 3309 549 3360 qua
562 3292 604 3346 Α8
658 3291 790 3346 occanico
805 3291 846 3346 A¹
864 3293 982 3373 acceptis
999 3293 1098 3349 litterata

89 3377 119 3415 co
135 3364 166 3417 ta
183 3363 274 3432 spatio
290 3379 378 3419 omae
451 3367 494 3418 21.
513 3362 707 3417 adsuetudinis
725 3363 767 3419 A²
785 3361 970 3418 adsuetndme
988 3362 1029 3418 A’

88 3437 127 3486 21.
144 3438 185 3487 22.
204 3432 332 3488 laborum
350 3433 391 3489 A¹
410 3449 479 3490 corr.
553 3440 596 3489 22.
614 3432 736 3506 frigoris]
748 3433 789 3489 A¹
806 3432 912 3504 frigora
924 3433 966 3489 A²
983 3433 1097 3503 frigoris

88 3519 107 3558 a
172 3508 214 3558 23.
233 3503 309 3576 viril]
325 3505 352 3560 A
425 3511 468 3561 27.
487 3503 660 3575 inperitandi
681 3506 723 3559 A¹
746 3503 929 3576 imperitandi
946 3503 987 3559 A’
