2610 4072
334 250 516 308 ofloaoca.
535 251 576 306 111
595 256 619 306 7.
640 255 656 306 8
677 252 807 322 (71-80)
1035 253 1077 320 73

1 522 10 562 1
47 436 193 570 til?
219 411 1078 589 titolotitini?liltttttittlt

4 625 10 651 ι
49 592 204 659 effluunt.
260 592 296 656 in
331 595 425 675 parte
462 612 545 677 quae
580 552 691 676 palagi
727 592 813 657 ostio
850 591 988 657 adversa
1025 595 1076 678 est
1094 607 1128 658 'lo

1 701 10 740 :
46 681 313 766 Babyloniorum
349 680 431 746 fines
468 677 770 764 chaldaeorumque
807 683 903 762 sunt,
935 682 974 745 et
1011 680 1075 747 dno

2 791 24 832 es
47 770 137 834 clari
156 789 269 834 amnes
288 767 398 852 Tigris
417 767 544 832 Persidi
561 767 706 852 propior,
725 767 861 833 ulterior
877 767 1075 853 Euphrates.

1 857 10 919 i
46 857 165 942 Tigris
196 861 236 922 ut
266 859 363 921 natus
396 857 447 920 est
474 856 523 921 ita
550 855 745 920 descendens
775 877 877 941 usque
908 857 944 922 in
977 858 1076 923 litora
1095 873 1128 924 ⁷⁷

1 971 13 1010 r
46 948 210 1029 permeat.
253 942 451 1029 Euphrates
487 943 624 1008 immani
660 963 716 1010 ore
754 947 867 1029 aperto
903 965 971 1010 non
1008 946 1076 1011 exit

46 1037 185 1098 tantum
207 1030 293 1096 unde
316 1032 433 1115 oritur,
455 1031 511 1096 sed
535 1034 569 1096 et
589 1033 681 1096 vaste
704 1052 832 1116 quoque
855 1031 989 1117 decidit,
1015 1055 1075 1100 nec

1 1129 10 1190 i
51 1125 146 1188 secat
176 1121 330 1187 continuo
363 1139 474 1205 agros,
510 1119 577 1184 late
613 1118 747 1184 diffusus
784 1121 820 1184 in
852 1123 983 1206 stagna,
1019 1121 1074 1186 diu

1 1233 27 1279 so
49 1209 243 1275 sedentibus
266 1208 359 1293 aquis
378 1209 473 1293 piger
496 1212 530 1273 et
553 1209 623 1273 sine
641 1207 735 1274 alveo
758 1209 902 1292 patulus,
923 1212 1000 1293 post
1017 1209 1075 1274 ubi

1 1329 12 1369 a
45 1297 236 1384 marginem
262 1297 353 1381 rupit
379 1318 454 1363 vcra
482 1297 614 1380 fluvius,
646 1296 852 1386 acceptisque
879 1297 962 1382 ripis
990 1298 1075 1364 celer
1270 1228 1276 1397 1

1 1418 11 1458 1
48 1391 85 1450 et
113 1387 254 1450 fremens
281 1407 340 1469 per
366 1383 540 1450 Armenios
568 1389 602 1450 et
630 1382 844 1470 Cappadocas
875 1385 1076 1451 occidentem
1270 1402 1276 1501 Ι

1 1508 10 1549 1
47 1475 155 1558 petit,
190 1473 226 1538 ni
258 1473 384 1539 Taurus
416 1473 527 1538 obstet
557 1473 592 1539 in
623 1477 738 1540 nostra
769 1473 875 1540 maria
910 1477 1076 1541 venturus.
1270 1530 1276 1573 Ι

1 1598 9 1639 y
46 1562 128 1628 inde
156 1563 196 1628 ad
223 1560 392 1627 meridiem
425 1562 598 1647 avertitur,
630 1566 663 1627 ct
695 1562 837 1646 primum
865 1560 965 1647 Syros
998 1567 1076 1629 tono
1096 1577 1132 1628 ⁷8

1 1671 28 1730 ‚a
47 1650 181 1716 Arabas
205 1651 371 1734 ingressus
393 1671 461 1716 non
482 1649 637 1733 perdurat
659 1649 694 1713 in
716 1651 866 1734 pelagus,
891 1672 1002 1716 verum
1026 1651 1075 1715 in-

2 1779 6 1818 5
50 1759 134 1822 gens
157 1738 254 1802 modo
279 1741 312 1803 st
333 1737 545 1823 navigabilis,
567 1737 642 1802 inde
665 1737 772 1802 tenuis
792 1738 880 1803 rivus
905 1737 1075 1822 despectus

2 1867 4 1906 q
51 1826 226 1908 emoritur,
253 1828 286 1889 et
312 1847 473 1911 nusquam
502 1824 679 1892 manifesto
708 1826 797 1892 exitu
824 1825 928 1891 effluit
957 1829 994 1891 ut
1017 1826 1075 1891 alii

2 1957 3 1972 e
51 1934 165 1979 amnes
181 1913 237 1978 sed
251 1913 369 1980 deficit.
397 1915 537 1980 alterum
556 1913 642 1978 latus
658 1915 762 1980 ambit
775 1914 877 1999 plaga
891 1935 974 1999 quae
987 1915 1074 1980 inter
1094 1930 1130 1980 ie

50 2007 227 2087 utrumqne
243 2002 382 2088 pelagus
401 2002 550 2089 excurrit
596 2001 721 2068 Arabia
743 2003 871 2086 dicitur,
894 2023 1074 2090 cognomen

1 2113 33 2152 so
50 2091 259 2174 Eudaemon,
282 2095 431 2181 angusta,
453 2113 567 2157 verum
590 2091 732 2158 cinnami
756 2095 790 2158 et
810 2092 894 2157 turis
920 2092 1074 2159 aliorum·

53 2201 117 2262 que
145 2179 281 2244 odorum
309 2181 450 2246 maxime
477 2181 577 2246 ferax.
627 2181 786 2246 maiorem
814 2178 933 2246 Sabaei
962 2183 1075 2247 tenent

52 2269 201 2350 partem,
242 2267 328 2332 ostio
364 2267 546 2351 proximam
584 2271 618 2332 et
654 2265 839 2332 Carmaniis
876 2270 1074 2332 contrariam

52 2351 175 2418 Macae.
229 2353 372 2419 frontem
404 2375 486 2438 quae
517 2355 603 2419 inter
639 2356 725 2421 ostia
758 2354 940 2420 ostenditur
973 2355 1074 2422 silvae

54 2446 230 2526 cautasque
258 2445 460 2526 exasperant
506 2443 633 2525 aliquot
661 2443 794 2507 suntin
816 2442 923 2508 medio
947 2443 1073 2509 insulae

5 2551 37 2592 es
55 2532 146 2615 sitae,
170 2529 292 2615 Ogyris
316 2531 403 2615 quod
425 2531 461 2594 in
482 2549 521 2594 ca
538 2529 703 2614 Erythrae
726 2530 814 2614 regis
837 2531 1073 2597 monimentum

52 2622 104 2684 est
120 2619 228 2705 magis
247 2618 337 2686 clara
354 2641 453 2705 quam
473 2622 606 2686 ceterae.
648 2619 791 2688 alterum
806 2619 914 2685 sinum
931 2619 1073 2706 undique
1091 2636 1129 2687 80

50 2707 178 2774 Arabes
210 2706 390 2794 incingont.
445 2708 487 2773 ab
520 2729 559 2773 aa
589 2711 683 2792 parte
716 2729 798 2794 quae
830 2708 1070 2775 introeuntibus

52 2796 166 2861 dextra
193 2799 243 2861 est
264 2796 362 2862 urbes
391 2801 468 2863 sunt
491 2793 615 2862 Charra
646 2800 679 2861 et
700 2796 825 2862 Arabia
852 2796 1072 2883 et'Gadanus,

50 2885 87 2948 in
124 2883 228 2947 altera
263 2885 305 2948 ab
342 2885 460 2950 intimo
498 2884 619 2970 angulo
655 2884 763 2969 prima
794 2885 950 2951 Berenice
986 2886 1072 2951 inter

7 2993 39 3034 co
52 2969 333 3053 Heroopoliticum
366 2974 399 3037 et
428 2969 620 3057 Strobilum,
651 2973 768 3041 deinde
799 2974 885 3039 inter
916 2995 1069 3058 promun-

120 3168 144 3217 2.
161 3161 261 3216 choros
274 3161 302 3216 A
319 3161 415 3218 Corios
429 3161 576 3218 Borboros
647 3170 673 3220 3.
682 3169 748 3234 poet
761 3162 880 3218 effluunt
892 3165 1071 3220 intermittam

51 3233 190 3289 duodecim
214 3233 368 3288 litterarum
440 3239 464 3289 5.
483 3233 600 3304 propior
616 3235 658 3289 A¹
682 3251 750 3290 corr.
824 3238 874 3291 205
886 3234 1023 3289 eudemon
1040 3237 1069 3292 A

120 3310 162 3358 23.
190 3313 312 3372 magnae
334 3305 363 3359 A
386 3303 483 3360 Macae
512 3305 659 3360 Borboros
736 3309 777 3360 ab.
806 3305 882 3374 gyris
910 3306 939 3360 A
967 3304 1069 3378 Ogyris

53 3373 203 3454 Ptntiqaos
279 3381 322 3430 26.
343 3382 409 3446 poet
431 3374 523 3430 sinum
548 3377 667 3500 qqa‘eqae
693 3377 750 3443 sere
778 3377 883 3432 litterae
904 3393 998 3434 mosoc

52 3449 93 3569 ator.
108 3443 344 3568 llrirleropq-litienm
367 3446 395 3502 A
418 3447 550 3517 Heroopo
566 3446 664 3502 'ticum
686 3447 831 3504 Borboros
906 3446 978 3522 (et)
1006 3455 1070 3504 octe

52 3532 64 3568 s
92 3529 107 3568 o
147 3531 195 3568 um
