2610 4072
390 228 571 286 cnoaoca.
589 229 616 284 2
634 235 651 284 a
670 231 799 299 (ιι-22)

78 415 183 478 super
199 393 292 478 ignes
312 412 394 478 quos
407 391 641 458 circumsident
655 391 815 476 quaedam
830 390 955 457 semina
973 392 1102 477 ingesta

78 485 177 566 sunt,
209 480 327 546 similis
358 481 511 546 ebrietati
538 479 692 546 hilaritas
722 502 761 546 ex
788 481 902 545 nidore
930 481 1102 565 contingit.

77 572 116 636 in
151 569 305 637 litoribus
332 568 449 634 Histro
482 572 533 634 est
563 570 713 653 proxima
739 567 956 654 Histropolis,
984 569 1099 634 deinde
1119 584 1154 634 22
1269 567 1270 592 ³

76 659 226 724 Milesiis.
247 658 386 724 deducta
404 655 552 741 Callatis,
574 661 646 722 tum
665 656 788 722 Tomoe
812 661 845 723 et
867 662 982 740 portur
1002 655 1101 723 (laria

46 753 115 813 222
151 747 283 812 Tiristis
315 746 595 831 promunturium,
627 745 714 831 quod
744 750 985 829 praetervectos
1017 746 1102 811 alter

77 836 184 900 Ponti
208 835 348 918 angulus
372 833 505 917 accipit,
532 833 687 898 adversus
709 832 868 899 Phasiaco
896 839 929 899 et
949 835 1013 899 nisi
1036 829 1103 900 am·

79 924 174 1006 plior
190 921 277 986 foret
296 921 423 986 similis.
467 921 530 985 fuit
548 919 603 985 hie
622 920 754 1005 Bizone,
771 925 862 986 motu
879 926 986 987 terrae
1004 921 1102 988 inter·

81 1010 175 1075 cidit.
217 1013 267 1076 est
285 1013 399 1094 portus
419 1007 555 1090 Crunos,
573 1009 671 1074 urbes
689 1007 935 1094 Dionysopolis,
953 1010 1103 1095 Odessos,

80 1097 311 1183 Messembria,
334 1097 526 1182 Anchialos,
554 1101 588 1162 et
611 1098 727 1163 intimo
750 1097 786 1162 in
809 1097 896 1182 sinu,
923 1101 1021 1182 atque
1046 1100 1103 1164 ubi

35 1211 64 1250 ro
79 1187 211 1252 Pontus
235 1186 374 1252 alterum
397 1186 448 1251 sui
470 1185 589 1251 flexum
613 1186 734 1270 angulo
758 1186 840 1270 finit,
863 1206 984 1271 magna
1001 1185 1103 1272 Apol·

78 1275 182 1342 lenia.
232 1279 321 1340 reeta
348 1275 464 1340 dehinc
492 1295 563 1359 ora,
593 1274 658 1339 nisi
685 1273 778 1358 quod.
801 1275 909 1340 media
936 1276 1038 1340 ferme
1066 1276 1101 1340 in
1121 1291 1155 1340 22

81 1364 347 1448 promunturium
382 1363 468 1448 quod
510 1361 662 1447 Thynian
698 1367 817 1428 vocant
855 1364 942 1448 exit,
984 1369 1018 1429 et
1054 1365 1102 1428 in·

82 1453 193 1517 curvis
221 1456 336 1518 contra
363 1473 397 1516 22
424 1451 576 1517 litoribus
609 1451 809 1536 obtenditur,
833 1454 1003 1537 urbesque
1033 1474 1102 1517 sus-

81 1542 169 1606 tinet
186 1538 411 1625 Halmydeson
435 1543 468 1605 22
485 1539 611 1604 Philias
635 1543 669 1604 22
686 1539 904 1624 Phinopolim.
944 1541 1102 1606 hactenus

40 1651 67 1691 15
82 1629 218 1695 Pontus.
263 1629 379 1694 deinde
407 1631 459 1693 est
480 1627 670 1711 Bosphorus
699 1631 733 1693 22
754 1627 944 1712 Propontis,
966 1629 1001 1693 in
1023 1627 1103 1692 Bos·
1122 1643 1156 1692 24

83 1717 190 1802 phoro
212 1716 407 1800 Byzantion,
429 1716 465 1778 in
486 1713 684 1797 Propontide
704 1712 896 1800 Selymbria,
917 1714 1103 1800 Perinthos,

84 1804 233 1888 Bytinis3
258 1824 434 1887 amnesque
457 1802 513 1886 qui
536 1802 727 1869 interfluunt
748 1801 893 1888 Erginos
917 1807 951 1869 et
968 1802 1120 1889 Atyraa'

83 1897 157 1958 tum
178 1891 305 1958 Rhesso
333 1896 471 1978 regnata
498 1891 662 1976 quondam
689 1913 764 1976 pars
791 1891 963 1977 Thraciae,
991 1896 1025 1958 et
1046 1891 1102 1957 Bi·

85 1981 202 2046 santhe
226 1979 420 2066 Samiorum,
442 1984 476 2046 et
497 1981 614 2066 ingens
638 1980 812 2063 aliquando
832 1978 981 2065 Cypsela.
1025 1986 1102 2066 post

43 2091 71 2130 eo
84 2070 174 2135 locus
198 2091 295 2154 quem
315 2067 394 2136 Grai
416 2069 550 2135 Macron
573 2069 681 2136 tichos
705 2069 881 2154 adpellant,
904 2075 938 2136 22
959 2070 995 2135 22
1017 2070 1102 2136 radi·

85 2179 155 2223 cem
176 2179 315 2244 magnae
338 2159 590 2243 paeneinsulae
615 2158 728 2223 sedens
751 2158 969 2242 Lysimachia.
1014 2162 1104 2224 terra
1123 2173 1156 2223 25

86 2266 169 2329 quae
210 2247 358 2329 sequitur
396 2267 560 2330 nusquam
600 2247 670 2310 lata
710 2248 807 2328 atque
847 2245 901 2310 hio
938 2246 1104 2311 artissima

87 2335 172 2398 inter
194 2331 443 2416 Hellespontum
465 2333 698 2418 Aegaeumque
720 2333 889 2416 procurrit
934 2334 1105 2419 angustias

87 2420 250 2505 Isthmon,
286 2420 427 2486 frontem
465 2422 533 2487 2222
570 2420 780 2505 Mastusiam,
822 2423 927 2486 tetam
964 2419 1104 2487 Cherso-

48 2530 75 2570 22
88 2531 216 2575 nassum
240 2509 408 2594 adpellant
435 2510 477 2576 cb
500 2510 607 2575 multa
634 2509 888 2574 memorabilem.
933 2514 983 2575 222
1007 2510 1042 2575 in
1065 2527 1156 2578 2222

88 2599 204 2665 flumen
231 2596 355 2684 Aegos,
381 2598 554 2686 naufragio
582 2598 695 2664 classis
722 2596 853 2664 Atticae
879 2599 1022 2685 insigne3
1054 2603 1104 2664 est

88 2692 120 2753 22
140 2686 260 2772 Abydo
288 2688 440 2754 obiacens
463 2686 589 2763 Sestos,
618 2686 760 2753 Leandri
783 2707 893 2754 amore
919 2688 1102 2772 pernobile;

160 2867 182 2914 1.
198 2859 399 2914 circumsident
412 2860 535 2942 A¹Uoorn
567 2861 758 2943 Ι2222112222
773 2861 801 2915 A
814 2860 935 2944 Milesiis
949 2863 1050 2944 22222222
1079 2932 1085 2943 ·

91 2935 121 2986 22
139 2931 165 2984 A
181 2933 278 2984 tuma
336 2933 476 3000 5.pnst1s
495 2931 523 2985 A
541 2931 652 2986 ’.2222222
675 2933 787 2989 Vossius
850 2937 875 2987 8.
896 2931 1101 3002 drcnysropohs

92 2999 360 3070 ADionysopoliso
414 2999 548 3056 obdessos
562 3002 590 3055 A
644 3009 687 3058 10.
703 3009 744 3060 11.
760 3002 962 3072 apollophanio
975 3002 1003 3056 A
1017 3002 1103 3073 Apol-

92 3071 165 3127 lonia
181 3071 329 3126 Barbarus
401 3076 443 3126 12.
465 3071 614 3140 thymnian
632 3074 659 3126 A
673 3073 804 3142 Thynian
820 3073 921 3196 soffri
993 3079 1036 3128 13.
1055 3073 1091 3128 ob

92 3142 212 3198 tenditur
234 3142 275 3196 A¹
298 3141 462 3212 optenditur
479 3141 520 3195 A¹
593 3149 634 3197 14.
658 3143 844 3212 helmydeson
955 3143 1057 3214 phylas
1075 3144 1103 3198 A

92 3213 193 3269 Philias
212 3213 340 3269 Brcreicoa
412 3219 453 3270 18.
476 3219 518 3268 19.
537 3213 659 3269 bisaltas
682 3213 711 3268 A
728 3213 864 3268 Bisanthe
887 3213 1033 3270 Barbarus

94 3291 132 3339 19.
150 3285 267 3355 gypsela
284 3284 312 3338 A
332 3283 454 3356 Cypsela
471 3285 623 3341 Rationes
676 3290 719 3340 20.
739 3283 930 3339 maerentibus
949 3286 977 3340 A
996 3286 1101 3355 (ntihos

94 3355 132 3409 Α8
147 3358 177 3410 tc
193 3357 284 3425 spelm
297 3359 394 3424 vacuo)
408 3355 523 3411 Macron
537 3355 630 3410 tichos
645 3355 792 3412 Burburus
863 3362 906 3411 20.
921 3363 963 3412 21.
977 3358 1103 3413 radicem

94 3425 168 3482 aicA
220 3433 262 3480 21.
298 3426 444 3482 aninsulae
458 3427 486 3481 A
536 3435 578 3483 23.
595 3443 768 3497 aegeumque
782 3427 811 3482 A
864 3433 906 3484 25.
921 3428 1103 3483 memorabile

95 3497 122 3550 A
137 3513 256 3551 memora
272 3445 360 3552 221222
374 3498 525 3555 Picticaue
599 3505 641 3555 27.
651 3505 716 3569 poet
734 3497 866 3554 obiacens
884 3499 949 3556 cdd.
970 3501 999 3553 22
1016 3499 1058 3552 A⁸

144 3595 278 3645 Pomponius
292 3596 360 3639 Mela.
925 3593 941 3641 3
