2610 4072
203 241 248 308 46
550 241 730 300 POMPONII
747 241 873 300 MELAE

204 405 336 491 grandis
360 408 394 471 et
416 405 554 472 subinde
581 403 736 490 grmdior
759 404 846 470 inter
868 402 989 470 Volees
1017 408 1051 470 st
1074 403 1231 472 (laveras

150 511 184 562 80
204 494 373 559 omittitur.
406 493 494 558 ultra
511 495 587 559 eunt
605 496 723 578 stagna
741 491 931 576 Volcarum,
945 491 1069 558 Ledum
1088 493 1229 580 fiumen,
1270 569 1271 572 Ἴ

203 582 373 648 castellum
395 581 530 665 Latera,
558 581 671 648 Mesua
699 581 792 648 sollis
816 581 978 648 incinctus
1003 581 1087 648 mari
1114 604 1228 666 paene

201 671 357 754 undique,
379 691 417 735 ae
438 670 505 736 nisi
527 669 618 754 quod
638 673 777 755 augusto
806 689 928 756 aggere
955 671 1137 738 pertinenti
1161 672 1226 736 ed-

200 759 344 826 nectitur
370 758 487 824 iusule.
537 764 609 824 tum
637 781 676 824 ex
704 757 864 826 Cebennis
894 759 1057 826 demissus,
1080 759 1250 826 Araurisr

148 867 181 916 81
202 847 294 912 iuxta
306 845 473 932 Agathan,
491 847 667 914 seeundum
680 846 835 914 Beterras
848 845 946 913 Orbis
961 847 1042 912 fluit.
1074 847 1165 914 Atax
1182 871 1226 916 ex

200 933 370 1020 Pyrenaeo
390 939 500 1002 monte
524 937 704 1022 degressus,
728 959 792 1021 que
810 936 862 1002 sui
882 935 985 1002 fontis
1004 935 1097 1019 equis
1116 938 1226 1018 venit,

200 1023 336 1110 exiguus
363 1024 530 1110 vedusque
557 1028 621 1108 est,
653 1027 686 1090 et
713 1025 780 1092 iem
807 1024 950 1109 ingentis
979 1024 1102 1108 alioqui
1130 1025 1225 1092 alvei

198 1115 313 1180 tenens
342 1113 408 1180 nisi
439 1113 497 1178 ubi
523 1113 718 1189 Narbonem
755 1112 898 1197 adtingit
927 1134 1090 1197 nusquam
1124 1115 1223 1180 navi·

199 1201 328 1285 gubitis,
351 1201 409 1268 sed
431 1223 505 1270 eum
525 1201 672 1268 hibernis
691 1201 848 1268 intumuit
870 1200 1030 1268 imbribus
1049 1221 1154 1286 usque
1178 1225 1222 1268 eo
1236 1228 1255 1268 io

199 1290 314 1356 solitus
337 1290 506 1375 insurgere
528 1293 567 1354 ut
588 1310 624 1354 se
645 1289 716 1374 ipse
738 1311 805 1354 non
823 1289 941 1372 oepiet.
985 1291 1076 1356 leous
1094 1291 1222 1375 eoeipit

198 1399 272 1442 eum
294 1377 485 1444 Rubraesus
505 1377 640 1444 nemine
660 1377 827 1462 spatiosus
851 1376 1043 1462 admodum,
1071 1378 1128 1446 sed
1151 1401 1222 1463 qua

144 1485 177 1534 82
197 1487 287 1530 mere
311 1465 457 1531 admittit
479 1465 586 1532 tenuis
610 1465 710 1532 editu.
754 1467 843 1532 ultra
866 1471 916 1532 eet
938 1465 1082 1532 Leueade
1104 1466 1219 1534 litoris

195 1574 316 1618 nomen
342 1557 376 1620 et
399 1552 548 1621 Salsulae
569 1553 660 1640 fons,
685 1576 753 1622 non
775 1553 928 1622 dulcibus
947 1554 1041 1639 equis
1069 1555 1217 1622 defluens

197 1641 253 1708 sed
272 1641 460 1710 salsioribus
475 1644 576 1710 etiem
591 1665 689 1728 quem
702 1643 848 1710 murinae
863 1647 954 1726 sunt3
972 1645 1065 1710 iuste
1078 1665 1216 1729 campus
1230 1669 1252 1710 15

194 1730 324 1798 minuta
338 1731 519 1798 harundine
538 1732 717 1818 greeilioue
733 1730 915 1817 perviridis,
933 1735 1079 1798 ueterum
1094 1736 1215 1820 stagno

195 1821 354 1886 subeunte
382 1843 566 1906 suspensus.
617 1821 651 1887 id
680 1821 870 1888 manifestet
896 1821 1004 1888 media
1034 1843 1111 1904 pers
1142 1823 1214 1890 eius

195 1929 277 1992 queo
301 1909 446 1975 abscissa
463 1909 621 1993 proximis
645 1911 735 1976 volut
756 1907 866 1975 insule
883 1913 985 1993 natat,
1008 1909 1151 1994 pellique
1177 1933 1215 1978 se

140 2015 174 2064 83
194 1999 293 2080 atque
316 1997 447 2062 adirem
469 1998 604 2081 petitur.
650 1997 782 2082 quiret
804 2018 843 2062 ex
865 1997 917 2062 his
937 2019 1021 2082 quse
1043 1998 1212 2064 adinum

193 2083 343 2168 perfossa
370 2089 446 2150 sunt
469 2085 627 2150 suffuusum
650 2107 740 2151 maro
763 2085 954 2154 ostenditur.
999 2086 1085 2152 unde
1112 2083 1249 2154 Greisa

191 2172 377 2257 nostrisque
414 2173 514 2238 etiem
535 2173 754 2259 sanctoribus,
794 2173 907 2240 resine
944 2175 1132 2260 ignorantie
1169 2197 1214 2240 en

191 2260 409 2346 prudentibus
433 2263 533 2328 etiem
560 2262 721 2328 mendeeii
749 2263 895 2329 lubidine
926 2263 1034 2330 visum
1061 2267 1112 2329 est
1143 2265 1212 2329 tra-

192 2349 266 2416 dere
297 2350 453 2437 posteris,
484 2351 520 2418 iu
542 2374 581 2418 ee
607 2352 742 2437 regione
769 2353 893 2437 pisoem
919 2375 936 2418 s
964 2356 1052 2418 terre
1077 2353 1214 2437 penitus

191 2441 274 2525 erui,
306 2441 393 2526 quod
423 2441 480 2508 ubi
508 2464 550 2508 ex
575 2441 647 2508 alio:
675 2441 843 2527 hueusque
870 2441 1054 2525 penetrauit
1080 2461 1139 2526 per
1170 2463 1214 2508 ee

138 2545 173 2598 84
191 2527 355 2596 foramina
375 2530 444 2595 ietu
466 2531 670 2614 sapientium
692 2530 883 2596 interfeetus
902 2529 1091 2596 extrahitur.
1134 2529 1213 2596 inde
1226 2551 1249 2593 ss

192 2620 243 2682 est
270 2639 328 2682 ore
356 2615 541 2684 Sordonum
572 2621 606 2682 et
631 2639 734 2702 perse
765 2617 899 2682 flumina
926 2617 1014 2682 Telis
1048 2622 1082 2684 et
1112 2616 1214 2700 Ticis,

140 2747 141 2752 κ
190 2704 251 2769 ubi
275 2703 444 2770 admouere
476 2726 650 2790 perseum,
678 2705 809 2772 colonia
833 2703 992 2784 Ruseino,
1023 2707 1113 2774 uiuus
1138 2705 1213 2774 Eli-

190 2792 320 2877 berrae,
349 2814 489 2880 magnee
516 2792 680 2879 quondam
706 2793 797 2858 urbis
824 2797 858 2859 et
888 2813 1082 2879 magnarum
1110 2817 1214 2880 opum

195 2886 293 2947 tenue
324 2882 512 2968 vestigium.
563 2886 634 2947 tum
670 2880 756 2948 inter
786 2879 946 2966 Pyrenaei
981 2884 1214 2970 promunturia

189 3027 403 3040 m

262 3099 287 3148 A
302 3099 327 3148 b.
342 3090 504 3147 edneeiitur
516 3089 558 3145 A¹
572 3089 731 3146 enneotitur
743 3091 785 3146 A¹
839 3099 864 3149 b.
879 3092 1008 3148 demissis
1021 3093 1051 3148 A
1098 3093 1213 3150 ereusis

188 3163 218 3217 A
243 3162 358 3218 manns
389 3163 503 3218 Vossius
579 3168 603 3218 6.
632 3161 774 3218 uehethsn
801 3165 830 3219 A
852 3162 985 3232 Agetbsn
1008 3163 1134 3218 Somnus
1270 3189 1271 3228 ,

190 3240 214 3288 7.
243 3234 385 3304 digressm
412 3233 441 3288 A
523 3249 578 3302 que
604 3232 634 3287 ui
660 3235 688 3289 A
720 3251 776 3303 que
804 3234 848 3289 sui
878 3233 1022 3290 Vedianas
1102 3235 1128 3284 9.
1156 3233 1211 3288 ed·
1270 3229 1271 3296 J

188 3304 277 3374 tingit
303 3304 344 3358 A¹
376 3303 494 3375 attingit
524 3303 566 3360 A·
652 3311 694 3361 14.
727 3305 830 3361 salsule
861 3304 889 3359 A
976 3311 1017 3358 16.
1045 3301 1209 3382 bunmdine
1270 3351 1271 3360 ,

188 3375 230 3430 A¹
256 3389 325 3431 eurr.
400 3382 441 3432 19.
469 3375 582 3432 edtrslii
608 3375 651 3430 A¹
678 3375 786 3431 attrahi
811 3375 852 3431 A’
923 3381 966 3430 22.
992 3371 1148 3428 mendaciis
1176 3378 1209 3432 A
1270 3403 1271 3426 ι

260 3452 302 3504 26.
327 3446 500 3516 replentium
523 3448 552 3503 A
574 3446 749 3518 captantium
766 3463 786 3501 a
858 3443 1069 3502 summovere
1092 3444 1134 3500 A¹
1158 3463 1207 3502 eo·

189 3533 301 3574 crevere
319 3515 360 3574 A'
434 3525 477 3576 29.
496 3517 691 3590 promuntrn'ie
709 3517 750 3572 A¹
767 3515 961 3586 promuntorio
978 3515 1019 3572 A'
