2610 4072
172 252 238 308 VIII
576 249 784 306 PRAEFATIO

171 397 240 462 rire
268 398 392 482 potest,
420 417 459 460 ex
486 413 549 480 quo
578 398 701 460 ceteros
729 415 841 460 omnes
869 417 1020 462 manasse
1047 397 1187 466 Bursian

172 487 194 550 l.
212 486 234 551 l
253 485 398 571 apprime
421 483 585 569 sagaciter
603 482 708 548 evicit
745 481 839 559 Quod
862 506 935 550 oum
959 483 1102 552 aMelae
1121 488 1186 552 edi-

172 573 349 640 toribusit
351 593 370 637 a
392 571 576 656 neglectum
601 592 671 636 esse
694 571 916 657 viderem‚ut
942 577 1072 657 praeter
1094 573 1185 641 Vati·

173 683 290 728 canum
311 659 405 726 illum
428 659 569 744 reliquos
593 663 704 744 aperte
722 660 937 744 interpolatos
956 662 1081 728 codices
1103 666 1186 729 tam-

171 771 270 834 quam
285 770 324 814 cx
339 750 516 833 archetypo
531 748 584 813 ct'
574 770 664 833 ipsos
678 748 841 815 derivatos
852 750 1044 816 adhiberent
1029 755 1186 835 t‚novam

173 837 350 904 editionem
368 838 543 904 curandam
561 837 706 918 institui,
725 858 798 903 cum
811 838 1006 922 praesertim
1021 800 1186 906 (dustanus

172 927 331 1011 Parthey,
352 925 595 992 recentissimus
620 889 733 1010 editdr,
757 927 975 993 emendatoris
999 927 1106 994 officio
1129 950 1185 1012 pa-

170 1037 244 1081 rum
266 1015 399 1080 functus
423 1014 476 1080 sit
484 1011 522 1101 ⁰)

238 1101 444 1169 Fundament
429 1106 500 1169 tum
518 1101 579 1186 igit
580 1122 619 1165 ur
565 1101 733 1166 thuius
748 1101 899 1169 editionis
914 1107 964 1168 est
949 1104 1081 1169 teodex
1095 1103 1186 1169 Vati·

172 1213 271 1258 canus
290 1192 377 1257 4929
401 1211 482 1256 saec.
500 1187 544 1273 X,
567 1188 810 1256 accuratissime
832 1191 877 1255 ab
897 1191 1080 1274 Augusto
1098 1189 1186 1256 Mau

172 1281 278 1346 denuo
305 1280 339 1343 in
363 1299 471 1343 meum
498 1299 593 1342 usum
616 1298 781 1361 excussus3
810 1278 941 1362 quode
969 1278 1078 1344 codice
1103 1301 1186 1363 quae

172 1368 326 1433 disseruit
342 1365 513 1450 Adolphus
531 1363 700 1430 Michaelis
707 1362 748 1452 l¹)
766 1366 878 1450 paucis
897 1366 1079 1451 supplenda
1101 1370 1188 1433 sunt.

237 1453 351 1539 Neque
380 1453 466 1518 enim
496 1453 595 1518 ceteri
625 1474 731 1538 neque
758 1452 927 1520 Michaelis
961 1455 1041 1520 satis
1074 1455 1186 1540 digno

170 1546 301 1628 verunt,
272 1541 475 1608 tcodicem
508 1541 649 1607 secunda
681 1546 713 1606 et
742 1541 841 1607 tertia
873 1565 973 1608 manu
1004 1547 1184 1609 correctum

170 1653 263 1785 53:31.
286 1593 1189 1804 {eddiderattdatttttdssfflttt

171 1829 244 1874 cum
263 1808 310 1874 ita
332 1807 412 1891 sint,
436 1809 512 1872 ante
535 1808 647 1873 omnia
670 1829 753 1892 quae
777 1806 821 1872 sit
842 1808 927 1873 inter
950 1808 1095 1894 singulas
1119 1830 1185 1872 ma-

171 1919 234 1962 nus
257 1895 342 1961 ratio
365 1894 629 1978 perpendendum
653 1898 712 1960 est.

238 1982 347 2068 Atque
380 1983 408 2047 si
439 1982 689 2067 perlustraveris
725 1983 993 2048 commentarium
1030 1984 1186 2068 criticum,

170 2071 265 2138 facile
293 2071 464 2156 intelleges
492 2070 649 2136 secundae
676 2092 791 2136 manus
820 2071 1012 2155 scriptorem
1043 2072 1187 2138 codicem

170 2181 275 2246 neque
303 2181 342 2224 ex
363 2159 496 2246 ingenio
523 2181 627 2245 neque
655 2180 695 2224 ex
718 2157 831 2224 eodem
854 2179 917 2244 quo
940 2180 1019 2225 usus
1048 2163 1098 2225 est
1120 2160 1186 2244 pri-
1303 2161 1304 2166 ’

172 2271 245 2314 mae
268 2269 384 2314 manns
407 2246 548 2331 scriptor
571 2247 748 2333 exemplari
767 2247 968 2331 emendasse,
989 2249 1091 2314 immo
1114 2269 1187 2333 spe-

170 2337 312 2404 raverim
332 2336 403 2403 fore
429 2339 466 2400 ut
489 2356 615 2401 mecum
642 2336 681 2401 de
703 2335 763 2402 tali
786 2338 958 2402 stemmate
986 2338 1186 2403 consentias:
1303 2345 1304 2356 ¹

412 3389 460 3455 A¹

246 3530 291 3600 10)
309 3547 336 3586 ι.
355 3527 474 3584 Bursian
491 3529 511 3586 l.
529 3530 548 3586 l.
566 3549 595 3600 p.
614 3535 676 3586 629.
749 3529 794 3600 11)
812 3546 857 3600 ap.
876 3530 998 3600 Parthey
1015 3548 1043 3600 p.
1062 3529 1087 3585 X
1106 3545 1166 3599 sqq.
