<?xml version="1.0" encoding="UTF-8"?>
<!DOCTYPE html PUBLIC "-//W3C//DTD XHTML 1.0 Transitional//EN"
    "http://www.w3.org/TR/xhtml1/DTD/xhtml1-transitional.dtd">
<html xmlns="http://www.w3.org/1999/xhtml" xml:lang="en" lang="en">
 <head>
  <title>
</title>
<meta http-equiv="Content-Type" content="text/html;charset=utf-8" />
  <meta name='ocr-system' content='tesseract 3.04.00' />
  <meta name='ocr-capabilities' content='ocr_page ocr_carea ocr_par ocr_line ocrx_word'/>
</head>
<body>
  <div class='ocr_page' id='page_1' title='image "./pomponiimelaede04melagoog_0028.png"; bbox 0 0 2610 4072; ppageno 0'>
   <div class='ocr_carea' id='block_1_1' title="bbox 383 261 1117 333">
    <p class='ocr_par' dir='ltr' id='par_1_1' title="bbox 383 261 1117 333">
     <span class='ocr_line' id='line_1_1' title="bbox 383 261 1117 333; baseline 0.012 -15"><span class='ocrx_word' id='word_1_1' title='bbox 383 261 563 318; x_wconf 65' lang='lat' dir='ltr'>cuonone.</span> <span class='ocrx_word' id='word_1_2' title='bbox 583 263 596 317; x_wconf 88' lang='lat'>1</span> <span class='ocrx_word' id='word_1_3' title='bbox 614 269 639 319; x_wconf 86' lang='grc'>5.</span> <span class='ocrx_word' id='word_1_4' title='bbox 659 269 675 318; x_wconf 83' lang='grc'>5</span> <span class='ocrx_word' id='word_1_5' title='bbox 695 263 823 333; x_wconf 75' lang='lat' dir='ltr'>(cc-so)</span> <span class='ocrx_word' id='word_1_6' title='bbox 1076 263 1117 328; x_wconf 87' lang='lat'>13</span> 
     </span>
    </p>
   </div>
   <div class='ocr_carea' id='block_1_2' title="bbox 16 425 1171 3163">
    <p class='ocr_par' dir='ltr' id='par_1_2' title="bbox 16 425 1171 3163">
     <span class='ocr_line' id='line_1_2' title="bbox 101 425 1117 510; baseline -0.003 -17"><span class='ocrx_word' id='word_1_7' title='bbox 101 429 187 496; x_wconf 86' lang='lat' dir='ltr'>fecte</span> <span class='ocrx_word' id='word_1_8' title='bbox 213 428 369 494; x_wconf 75' lang='lat' dir='ltr'>animalia</span> <span class='ocrx_word' id='word_1_9' title='bbox 398 425 454 492; x_wconf 88' lang='lat' dir='ltr'>sed</span> <span class='ocrx_word' id='word_1_10' title='bbox 481 429 551 491; x_wconf 90' lang='lat' dir='ltr'>tum</span> <span class='ocrx_word' id='word_1_11' title='bbox 574 425 716 510; x_wconf 91' lang='lat' dir='ltr'>primum</span> <span class='ocrx_word' id='word_1_12' title='bbox 745 425 940 509; x_wconf 73' lang='lat' dir='ltr'>accipientia</span> <span class='ocrx_word' id='word_1_13' title='bbox 967 425 1117 510; x_wconf 87' lang='lat' dir='ltr'>spiritum</span> 
     </span>
     <span class='ocr_line' id='line_1_3' title="bbox 102 515 1116 601; baseline -0.002 -20"><span class='ocrx_word' id='word_1_14' title='bbox 102 522 196 582; x_wconf 84' lang='lat' dir='ltr'>etex</span> <span class='ocrx_word' id='word_1_15' title='bbox 222 519 317 601; x_wconf 88' lang='lat' dir='ltr'>parte</span> <span class='ocrx_word' id='word_1_16' title='bbox 343 516 411 582; x_wconf 91' lang='lat' dir='ltr'>iam</span> <span class='ocrx_word' id='word_1_17' title='bbox 437 515 579 581; x_wconf 86' lang='lat' dir='ltr'>formata</span> <span class='ocrx_word' id='word_1_18' title='bbox 602 537 641 579; x_wconf 90' lang='lat' dir='ltr'>ex</span> <span class='ocrx_word' id='word_1_19' title='bbox 668 519 763 599; x_wconf 87' lang='lat' dir='ltr'>parte</span> <span class='ocrx_word' id='word_1_20' title='bbox 791 515 897 580; x_wconf 89' lang='lat' dir='ltr'>adhuc</span> <span class='ocrx_word' id='word_1_21' title='bbox 918 519 1049 580; x_wconf 87' lang='lat' dir='ltr'>terrena</span> <span class='ocrx_word' id='word_1_22' title='bbox 1071 515 1116 579; x_wconf 86' lang='lat' dir='ltr'>vi-</span> 
     </span>
     <span class='ocr_line' id='line_1_4' title="bbox 101 603 1169 689; baseline -0.004 -18"><span class='ocrx_word' id='word_1_23' title='bbox 101 610 224 672; x_wconf 86' lang='lat' dir='ltr'>suntur.</span> <span class='ocrx_word' id='word_1_24' title='bbox 270 604 386 671; x_wconf 88' lang='lat' dir='ltr'>crescit</span> <span class='ocrx_word' id='word_1_25' title='bbox 412 625 525 689; x_wconf 87' lang='lat' dir='ltr'>porro,</span> <span class='ocrx_word' id='word_1_26' title='bbox 552 603 621 669; x_wconf 88' lang='lat' dir='ltr'>sive</span> <span class='ocrx_word' id='word_1_27' title='bbox 644 603 731 687; x_wconf 92' lang='lat' dir='ltr'>quod</span> <span class='ocrx_word' id='word_1_28' title='bbox 760 604 886 669; x_wconf 87' lang='lat' dir='ltr'>solutae</span> <span class='ocrx_word' id='word_1_29' title='bbox 914 603 1042 689; x_wconf 81' lang='lat' dir='ltr'>magnis</span> <span class='ocrx_word' id='word_1_30' title='bbox 1067 625 1117 668; x_wconf 87' lang='lat' dir='ltr'>ae·</span> <span class='ocrx_word' id='word_1_31' title='bbox 1137 617 1169 667; x_wconf 83' lang='grc'>53</span> 
     </span>
     <span class='ocr_line' id='line_1_5' title="bbox 101 691 1117 776; baseline -0.004 -16"><span class='ocrx_word' id='word_1_32' title='bbox 101 695 207 760; x_wconf 88' lang='lat' dir='ltr'>stibus</span> <span class='ocrx_word' id='word_1_33' title='bbox 237 694 329 763; x_wconf 84' lang='lat' dir='ltr'>nives</span> <span class='ocrx_word' id='word_1_34' title='bbox 358 715 398 758; x_wconf 86' lang='lat' dir='ltr'>ex</span> <span class='ocrx_word' id='word_1_35' title='bbox 430 692 617 758; x_wconf 80' lang='lat' dir='ltr'>inmanibus</span> <span class='ocrx_word' id='word_1_36' title='bbox 645 691 843 776; x_wconf 75' lang='lat' dir='ltr'>Aethiopiae</span> <span class='ocrx_word' id='word_1_37' title='bbox 873 693 961 776; x_wconf 84' lang='lat' dir='ltr'>iugis</span> <span class='ocrx_word' id='word_1_38' title='bbox 992 692 1117 776; x_wconf 81' lang='lat' dir='ltr'>largius</span> 
     </span>
     <span class='ocr_line' id='line_1_6' title="bbox 16 779 1117 868; baseline 0.002 -24"><span class='ocrx_word' id='word_1_39' title='bbox 16 825 18 844; x_wconf 41' lang='lat' dir='ltr'>r</span> <span class='ocrx_word' id='word_1_40' title='bbox 73 801 199 868; x_wconf 85' lang='lat' dir='ltr'>squcm</span> <span class='ocrx_word' id='word_1_41' title='bbox 217 783 300 868; x_wconf 82' lang='lat' dir='ltr'>ripis</span> <span class='ocrx_word' id='word_1_42' title='bbox 320 783 423 867; x_wconf 81' lang='lat' dir='ltr'>accipi</span> <span class='ocrx_word' id='word_1_43' title='bbox 441 788 562 865; x_wconf 90' lang='lat' dir='ltr'>queant</span> <span class='ocrx_word' id='word_1_44' title='bbox 581 779 735 863; x_wconf 87' lang='lat' dir='ltr'>defluunt,</span> <span class='ocrx_word' id='word_1_45' title='bbox 754 783 823 846; x_wconf 84' lang='lat' dir='ltr'>sive</span> <span class='ocrx_word' id='word_1_46' title='bbox 842 782 928 866; x_wconf 93' lang='lat' dir='ltr'>quod</span> <span class='ocrx_word' id='word_1_47' title='bbox 947 782 996 847; x_wconf 90' lang='lat' dir='ltr'>sol</span> <span class='ocrx_word' id='word_1_48' title='bbox 1009 781 1117 846; x_wconf 90' lang='lat' dir='ltr'>hieme</span> 
     </span>
     <span class='ocr_line' id='line_1_7' title="bbox 98 869 1117 956; baseline -0.003 -19"><span class='ocrx_word' id='word_1_49' title='bbox 98 873 197 938; x_wconf 86' lang='lat' dir='ltr'>terris</span> <span class='ocrx_word' id='word_1_50' title='bbox 216 873 350 956; x_wconf 84' lang='lat' dir='ltr'>propior</span> <span class='ocrx_word' id='word_1_51' title='bbox 368 875 402 934; x_wconf 91' lang='lat' dir='ltr'>et</span> <span class='ocrx_word' id='word_1_52' title='bbox 415 871 457 935; x_wconf 93' lang='lat' dir='ltr'>ob</span> <span class='ocrx_word' id='word_1_53' title='bbox 476 870 510 935; x_wconf 88' lang='lat' dir='ltr'>id</span> <span class='ocrx_word' id='word_1_54' title='bbox 523 869 648 934; x_wconf 85' lang='lat' dir='ltr'>fontem</span> <span class='ocrx_word' id='word_1_55' title='bbox 668 869 736 932; x_wconf 90' lang='lat' dir='ltr'>eius</span> <span class='ocrx_word' id='word_1_56' title='bbox 755 869 903 935; x_wconf 89' lang='lat' dir='ltr'>minuens</span> <span class='ocrx_word' id='word_1_57' title='bbox 921 873 999 936; x_wconf 91' lang='lat' dir='ltr'>tunc</span> <span class='ocrx_word' id='word_1_58' title='bbox 1018 870 1117 935; x_wconf 87' lang='lat' dir='ltr'>altius</span> 
     </span>
     <span class='ocr_line' id='line_1_8' title="bbox 100 956 1118 1044; baseline -0.001 -20"><span class='ocrx_word' id='word_1_59' title='bbox 100 961 181 1043; x_wconf 83' lang='lat' dir='ltr'>abit,</span> <span class='ocrx_word' id='word_1_60' title='bbox 205 960 346 1042; x_wconf 77' lang='lat' dir='ltr'>sinitque</span> <span class='ocrx_word' id='word_1_61' title='bbox 368 959 533 1042; x_wconf 83' lang='lat' dir='ltr'>integrum</span> <span class='ocrx_word' id='word_1_62' title='bbox 556 961 589 1021; x_wconf 91' lang='lat' dir='ltr'>et</span> <span class='ocrx_word' id='word_1_63' title='bbox 611 960 650 1022; x_wconf 90' lang='lat' dir='ltr'>ut</span> <span class='ocrx_word' id='word_1_64' title='bbox 672 958 722 1020; x_wconf 90' lang='lat' dir='ltr'>est</span> <span class='ocrx_word' id='word_1_65' title='bbox 744 956 952 1041; x_wconf 89' lang='lat' dir='ltr'>plenissimus</span> <span class='ocrx_word' id='word_1_66' title='bbox 977 978 1118 1044; x_wconf 79' lang='lat' dir='ltr'>surgere,</span> 
     </span>
     <span class='ocr_line' id='line_1_9' title="bbox 101 1044 1117 1131; baseline 0 -19"><span class='ocrx_word' id='word_1_67' title='bbox 101 1048 171 1112; x_wconf 86' lang='lat' dir='ltr'>sive</span> <span class='ocrx_word' id='word_1_68' title='bbox 195 1047 282 1131; x_wconf 92' lang='lat' dir='ltr'>quod</span> <span class='ocrx_word' id='word_1_69' title='bbox 308 1067 367 1130; x_wconf 93' lang='lat' dir='ltr'>per</span> <span class='ocrx_word' id='word_1_70' title='bbox 395 1068 434 1112; x_wconf 92' lang='lat' dir='ltr'>ea</span> <span class='ocrx_word' id='word_1_71' title='bbox 460 1050 609 1130; x_wconf 88' lang='lat' dir='ltr'>tempora</span> <span class='ocrx_word' id='word_1_72' title='bbox 635 1045 754 1110; x_wconf 90' lang='lat' dir='ltr'>flantes</span> <span class='ocrx_word' id='word_1_73' title='bbox 782 1044 915 1111; x_wconf 80' lang='lat' dir='ltr'>Etesiae</span> <span class='ocrx_word' id='word_1_74' title='bbox 942 1050 999 1111; x_wconf 86' lang='lat' dir='ltr'>aut</span> <span class='ocrx_word' id='word_1_75' title='bbox 1027 1051 1117 1112; x_wconf 88' lang='lat' dir='ltr'>actas</span> 
     </span>
     <span class='ocr_line' id='line_1_10' title="bbox 100 1133 1117 1221; baseline 0 -21"><span class='ocrx_word' id='word_1_76' title='bbox 100 1158 120 1200; x_wconf 86' lang='lat' dir='ltr'>a</span> <span class='ocrx_word' id='word_1_77' title='bbox 140 1136 362 1221; x_wconf 77' lang='lat' dir='ltr'>septentrione</span> <span class='ocrx_word' id='word_1_78' title='bbox 385 1136 421 1199; x_wconf 89' lang='lat' dir='ltr'>in</span> <span class='ocrx_word' id='word_1_79' title='bbox 443 1134 610 1200; x_wconf 85' lang='lat' dir='ltr'>meridiem</span> <span class='ocrx_word' id='word_1_80' title='bbox 629 1133 732 1198; x_wconf 84' lang='lat' dir='ltr'>nubes</span> <span class='ocrx_word' id='word_1_81' title='bbox 757 1155 855 1218; x_wconf 90' lang='lat' dir='ltr'>super</span> <span class='ocrx_word' id='word_1_82' title='bbox 871 1134 1031 1219; x_wconf 90' lang='lat' dir='ltr'>principia</span> <span class='ocrx_word' id='word_1_83' title='bbox 1050 1136 1117 1200; x_wconf 91' lang='lat' dir='ltr'>eius</span> 
     </span>
     <span class='ocr_line' id='line_1_11' title="bbox 59 1221 1118 1309; baseline 0.004 -26"><span class='ocrx_word' id='word_1_84' title='bbox 59 1244 85 1283; x_wconf 79' lang='grc' dir='ltr'>ιο</span> <span class='ocrx_word' id='word_1_85' title='bbox 99 1225 206 1289; x_wconf 88' lang='lat' dir='ltr'>imbre</span> <span class='ocrx_word' id='word_1_86' title='bbox 225 1224 451 1309; x_wconf 86' lang='lat' dir='ltr'>praecipitant,</span> <span class='ocrx_word' id='word_1_87' title='bbox 475 1227 533 1287; x_wconf 90' lang='lat' dir='ltr'>aut</span> <span class='ocrx_word' id='word_1_88' title='bbox 550 1223 694 1288; x_wconf 84' lang='lat' dir='ltr'>venienti</span> <span class='ocrx_word' id='word_1_89' title='bbox 713 1221 828 1288; x_wconf 87' lang='lat' dir='ltr'>obviae</span> <span class='ocrx_word' id='word_1_90' title='bbox 847 1223 982 1288; x_wconf 83' lang='lat' dir='ltr'>adverso</span> <span class='ocrx_word' id='word_1_91' title='bbox 1002 1223 1118 1307; x_wconf 90' lang='lat' dir='ltr'>spiritu</span> 
     </span>
     <span class='ocr_line' id='line_1_12' title="bbox 99 1311 1119 1396; baseline -0.001 -18"><span class='ocrx_word' id='word_1_92' title='bbox 99 1335 230 1378; x_wconf 64' lang='lat' dir='ltr'>clusum</span> <span class='ocrx_word' id='word_1_93' title='bbox 253 1313 477 1378; x_wconf 87' lang='lat' dir='ltr'>descendentis</span> <span class='ocrx_word' id='word_1_94' title='bbox 495 1311 686 1396; x_wconf 79' lang='lat' dir='ltr'>impediunt,</span> <span class='ocrx_word' id='word_1_95' title='bbox 710 1316 767 1377; x_wconf 90' lang='lat' dir='ltr'>aut</span> <span class='ocrx_word' id='word_1_96' title='bbox 789 1311 919 1377; x_wconf 87' lang='lat' dir='ltr'>harenis</span> <span class='ocrx_word' id='word_1_97' title='bbox 942 1333 1022 1396; x_wconf 89' lang='lat' dir='ltr'>quas</span> <span class='ocrx_word' id='word_1_98' title='bbox 1046 1334 1119 1377; x_wconf 91' lang='lat' dir='ltr'>cum</span> 
     </span>
     <span class='ocr_line' id='line_1_13' title="bbox 99 1399 1118 1490; baseline -0.001 -24"><span class='ocrx_word' id='word_1_99' title='bbox 99 1402 253 1467; x_wconf 88' lang='lat' dir='ltr'>fluctibus</span> <span class='ocrx_word' id='word_1_100' title='bbox 277 1402 368 1467; x_wconf 90' lang='lat' dir='ltr'>litori</span> <span class='ocrx_word' id='word_1_101' title='bbox 390 1401 557 1486; x_wconf 89' lang='lat' dir='ltr'>adplicant</span> <span class='ocrx_word' id='word_1_102' title='bbox 579 1401 667 1466; x_wconf 89' lang='lat' dir='ltr'>ostia</span> <span class='ocrx_word' id='word_1_103' title='bbox 689 1399 864 1484; x_wconf 83' lang='lat' dir='ltr'>obducunt3</span> <span class='ocrx_word' id='word_1_104' title='bbox 888 1401 989 1485; x_wconf 90' lang='lat' dir='ltr'>fitque</span> <span class='ocrx_word' id='word_1_105' title='bbox 1013 1401 1118 1490; x_wconf 89' lang='lat' dir='ltr'>maior</span> 
     </span>
     <span class='ocr_line' id='line_1_14' title="bbox 101 1488 1118 1575; baseline 0 -21"><span class='ocrx_word' id='word_1_106' title='bbox 101 1490 153 1554; x_wconf 86' lang='lat' dir='ltr'>vel</span> <span class='ocrx_word' id='word_1_107' title='bbox 176 1491 261 1574; x_wconf 91' lang='lat' dir='ltr'>quod</span> <span class='ocrx_word' id='word_1_108' title='bbox 283 1489 367 1555; x_wconf 85' lang='lat' dir='ltr'>nihil</span> <span class='ocrx_word' id='word_1_109' title='bbox 390 1511 430 1555; x_wconf 86' lang='lat' dir='ltr'>ex</span> <span class='ocrx_word' id='word_1_110' title='bbox 453 1493 556 1554; x_wconf 89' lang='lat' dir='ltr'>semet</span> <span class='ocrx_word' id='word_1_111' title='bbox 577 1488 715 1574; x_wconf 83' lang='lat' dir='ltr'>amittit,</span> <span class='ocrx_word' id='word_1_112' title='bbox 737 1489 789 1554; x_wconf 84' lang='lat' dir='ltr'>vel</span> <span class='ocrx_word' id='word_1_113' title='bbox 812 1488 898 1575; x_wconf 91' lang='lat' dir='ltr'>quod</span> <span class='ocrx_word' id='word_1_114' title='bbox 922 1491 995 1574; x_wconf 92' lang='lat' dir='ltr'>plus</span> <span class='ocrx_word' id='word_1_115' title='bbox 1019 1511 1118 1575; x_wconf 90' lang='lat' dir='ltr'>quam</span> 
     </span>
     <span class='ocr_line' id='line_1_15' title="bbox 101 1576 1171 1666; baseline -0.003 -23"><span class='ocrx_word' id='word_1_116' title='bbox 101 1579 185 1643; x_wconf 90' lang='lat' dir='ltr'>solet</span> <span class='ocrx_word' id='word_1_117' title='bbox 198 1579 326 1663; x_wconf 87' lang='lat' dir='ltr'>accipit,</span> <span class='ocrx_word' id='word_1_118' title='bbox 343 1580 396 1644; x_wconf 83' lang='lat' dir='ltr'>vel</span> <span class='ocrx_word' id='word_1_119' title='bbox 414 1578 622 1663; x_wconf 87' lang='lat' dir='ltr'>quodminus</span> <span class='ocrx_word' id='word_1_120' title='bbox 642 1599 740 1666; x_wconf 86' lang='lat' dir='ltr'>quam</span> <span class='ocrx_word' id='word_1_121' title='bbox 758 1576 856 1643; x_wconf 88' lang='lat' dir='ltr'>debet</span> <span class='ocrx_word' id='word_1_122' title='bbox 869 1579 998 1643; x_wconf 90' lang='lat' dir='ltr'>emittit.</span> <span class='ocrx_word' id='word_1_123' title='bbox 1032 1579 1117 1663; x_wconf 88' lang='lat' dir='ltr'>quod</span> <span class='ocrx_word' id='word_1_124' title='bbox 1137 1591 1171 1640; x_wconf 80' lang='grc'>54</span> 
     </span>
     <span class='ocr_line' id='line_1_16' title="bbox 61 1666 1118 1754; baseline -0.002 -21"><span class='ocrx_word' id='word_1_125' title='bbox 61 1684 87 1725; x_wconf 81' lang='lat'>1⁵</span> <span class='ocrx_word' id='word_1_126' title='bbox 101 1668 130 1733; x_wconf 89' lang='lat' dir='ltr'>si</span> <span class='ocrx_word' id='word_1_127' title='bbox 159 1671 210 1733; x_wconf 91' lang='lat' dir='ltr'>est</span> <span class='ocrx_word' id='word_1_128' title='bbox 237 1669 322 1733; x_wconf 81' lang='lat' dir='ltr'>alter</span> <span class='ocrx_word' id='word_1_129' title='bbox 354 1667 442 1733; x_wconf 87' lang='lat' dir='ltr'>orbis</span> <span class='ocrx_word' id='word_1_130' title='bbox 471 1671 611 1751; x_wconf 89' lang='lat' dir='ltr'>suntque</span> <span class='ocrx_word' id='word_1_131' title='bbox 639 1667 782 1750; x_wconf 86' lang='lat' dir='ltr'>oppositi</span> <span class='ocrx_word' id='word_1_132' title='bbox 813 1666 909 1732; x_wconf 90' lang='lat' dir='ltr'>nobis</span> <span class='ocrx_word' id='word_1_133' title='bbox 937 1690 956 1732; x_wconf 89' lang='lat' dir='ltr'>a</span> <span class='ocrx_word' id='word_1_134' title='bbox 985 1667 1118 1754; x_wconf 89' lang='lat' dir='ltr'>meridie</span> 
     </span>
     <span class='ocr_line' id='line_1_17' title="bbox 101 1754 1118 1841; baseline -0.002 -20"><span class='ocrx_word' id='word_1_135' title='bbox 101 1756 347 1837; x_wconf 86' lang='lat' dir='ltr'>antichthoues,</span> <span class='ocrx_word' id='word_1_136' title='bbox 369 1776 411 1818; x_wconf 91' lang='lat' dir='ltr'>ne</span> <span class='ocrx_word' id='word_1_137' title='bbox 432 1754 513 1819; x_wconf 93' lang='lat' dir='ltr'>illud</span> <span class='ocrx_word' id='word_1_138' title='bbox 537 1755 667 1839; x_wconf 87' lang='lat' dir='ltr'>quidem</span> <span class='ocrx_word' id='word_1_139' title='bbox 691 1776 711 1818; x_wconf 89' lang='lat' dir='ltr'>a</span> <span class='ocrx_word' id='word_1_140' title='bbox 731 1775 809 1818; x_wconf 86' lang='lat' dir='ltr'>vero</span> <span class='ocrx_word' id='word_1_141' title='bbox 832 1755 969 1819; x_wconf 89' lang='lat' dir='ltr'>nimium</span> <span class='ocrx_word' id='word_1_142' title='bbox 992 1756 1118 1841; x_wconf 86' lang='lat' dir='ltr'>absces-</span> 
     </span>
     <span class='ocr_line' id='line_1_18' title="bbox 102 1842 1120 1927; baseline -0.002 -19"><span class='ocrx_word' id='word_1_143' title='bbox 102 1844 197 1927; x_wconf 79' lang='lat' dir='ltr'>serit,</span> <span class='ocrx_word' id='word_1_144' title='bbox 223 1844 259 1907; x_wconf 90' lang='lat' dir='ltr'>in</span> <span class='ocrx_word' id='word_1_145' title='bbox 285 1842 353 1907; x_wconf 92' lang='lat' dir='ltr'>illis</span> <span class='ocrx_word' id='word_1_146' title='bbox 377 1842 473 1907; x_wconf 87' lang='lat' dir='ltr'>terris</span> <span class='ocrx_word' id='word_1_147' title='bbox 497 1845 604 1907; x_wconf 86' lang='lat' dir='ltr'>ortum</span> <span class='ocrx_word' id='word_1_148' title='bbox 628 1863 769 1924; x_wconf 88' lang='lat' dir='ltr'>amnem,</span> <span class='ocrx_word' id='word_1_149' title='bbox 796 1842 853 1906; x_wconf 89' lang='lat' dir='ltr'>ubi</span> <span class='ocrx_word' id='word_1_150' title='bbox 877 1843 989 1907; x_wconf 86' lang='lat' dir='ltr'>subter</span> <span class='ocrx_word' id='word_1_151' title='bbox 1015 1844 1120 1926; x_wconf 84' lang='lat' dir='ltr'>maria</span> 
     </span>
     <span class='ocr_line' id='line_1_19' title="bbox 101 1931 1118 2016; baseline 0.001 -20"><span class='ocrx_word' id='word_1_152' title='bbox 101 1953 198 1997; x_wconf 88' lang='lat' dir='ltr'>caeco</span> <span class='ocrx_word' id='word_1_153' title='bbox 221 1931 315 1996; x_wconf 83' lang='lat' dir='ltr'>alveo</span> <span class='ocrx_word' id='word_1_154' title='bbox 338 1931 573 2016; x_wconf 84' lang='lat' dir='ltr'>penetraverit,</span> <span class='ocrx_word' id='word_1_155' title='bbox 600 1931 635 1995; x_wconf 91' lang='lat' dir='ltr'>in</span> <span class='ocrx_word' id='word_1_156' title='bbox 662 1931 785 1996; x_wconf 90' lang='lat' dir='ltr'>uostris</span> <span class='ocrx_word' id='word_1_157' title='bbox 808 1951 920 1997; x_wconf 89' lang='lat' dir='ltr'>rursus</span> <span class='ocrx_word' id='word_1_158' title='bbox 944 1948 1118 2016; x_wconf 76' lang='lat' dir='ltr'>emergere,</span> 
     </span>
     <span class='ocr_line' id='line_1_20' title="bbox 100 2016 1118 2104; baseline -0.001 -18"><span class='ocrx_word' id='word_1_159' title='bbox 100 2024 134 2086; x_wconf 89' lang='lat' dir='ltr'>et</span> <span class='ocrx_word' id='word_1_160' title='bbox 153 2021 216 2086; x_wconf 90' lang='lat' dir='ltr'>hac</span> <span class='ocrx_word' id='word_1_161' title='bbox 229 2043 266 2086; x_wconf 90' lang='lat' dir='ltr'>re</span> <span class='ocrx_word' id='word_1_162' title='bbox 279 2020 421 2086; x_wconf 89' lang='lat' dir='ltr'>solstitio</span> <span class='ocrx_word' id='word_1_163' title='bbox 436 2019 620 2085; x_wconf 88' lang='lat' dir='ltr'>adcrescere</span> <span class='ocrx_word' id='word_1_164' title='bbox 635 2019 721 2104; x_wconf 91' lang='lat' dir='ltr'>quod</span> <span class='ocrx_word' id='word_1_165' title='bbox 739 2022 811 2084; x_wconf 91' lang='lat' dir='ltr'>tum</span> <span class='ocrx_word' id='word_1_166' title='bbox 822 2019 956 2104; x_wconf 72' lang='lat' dir='ltr'>vhiemps</span> <span class='ocrx_word' id='word_1_167' title='bbox 976 2022 1020 2086; x_wconf 88' lang='lat' dir='ltr'>sit</span> <span class='ocrx_word' id='word_1_168' title='bbox 1032 2016 1118 2085; x_wconf 87' lang='lat' dir='ltr'>unde</span> 
     </span>
     <span class='ocr_line' id='line_1_21' title="bbox 60 2109 1171 2194; baseline -0.005 -18"><span class='ocrx_word' id='word_1_169' title='bbox 60 2128 87 2168; x_wconf 68' lang='lat'>2⁰</span> <span class='ocrx_word' id='word_1_170' title='bbox 100 2110 215 2176; x_wconf 88' lang='lat' dir='ltr'>oritur.</span> <span class='ocrx_word' id='word_1_171' title='bbox 262 2109 328 2174; x_wconf 90' lang='lat' dir='ltr'>alia</span> <span class='ocrx_word' id='word_1_172' title='bbox 351 2130 479 2193; x_wconf 90' lang='lat' dir='ltr'>quoque</span> <span class='ocrx_word' id='word_1_173' title='bbox 501 2111 536 2173; x_wconf 92' lang='lat' dir='ltr'>in</span> <span class='ocrx_word' id='word_1_174' title='bbox 554 2109 606 2174; x_wconf 90' lang='lat' dir='ltr'>his</span> <span class='ocrx_word' id='word_1_175' title='bbox 629 2109 727 2175; x_wconf 86' lang='lat' dir='ltr'>terris</span> <span class='ocrx_word' id='word_1_176' title='bbox 749 2109 834 2174; x_wconf 86' lang='lat' dir='ltr'>mira</span> <span class='ocrx_word' id='word_1_177' title='bbox 857 2112 942 2176; x_wconf 89' lang='lat' dir='ltr'>sunt.</span> <span class='ocrx_word' id='word_1_178' title='bbox 986 2111 1117 2194; x_wconf 89' lang='lat' dir='ltr'>inquo·</span> <span class='ocrx_word' id='word_1_179' title='bbox 1137 2121 1171 2171; x_wconf 91' lang='grc'>55</span> 
     </span>
     <span class='ocr_line' id='line_1_22' title="bbox 101 2194 1119 2282; baseline 0 -20"><span class='ocrx_word' id='word_1_180' title='bbox 101 2199 177 2263; x_wconf 89' lang='lat' dir='ltr'>dam</span> <span class='ocrx_word' id='word_1_181' title='bbox 205 2199 280 2263; x_wconf 89' lang='lat' dir='ltr'>lacu</span> <span class='ocrx_word' id='word_1_182' title='bbox 307 2194 474 2263; x_wconf 77' lang='lat' dir='ltr'>Chemmis</span> <span class='ocrx_word' id='word_1_183' title='bbox 506 2198 614 2264; x_wconf 89' lang='lat' dir='ltr'>insula</span> <span class='ocrx_word' id='word_1_184' title='bbox 640 2198 730 2263; x_wconf 88' lang='lat' dir='ltr'>lucos</span> <span class='ocrx_word' id='word_1_185' title='bbox 763 2198 927 2282; x_wconf 82' lang='lat' dir='ltr'>silvasque</span> <span class='ocrx_word' id='word_1_186' title='bbox 959 2199 993 2262; x_wconf 93' lang='lat' dir='ltr'>et</span> <span class='ocrx_word' id='word_1_187' title='bbox 1019 2198 1119 2282; x_wconf 84' lang='lat' dir='ltr'>Apol-</span> 
     </span>
     <span class='ocr_line' id='line_1_23' title="bbox 99 2286 1118 2370; baseline 0 -20"><span class='ocrx_word' id='word_1_188' title='bbox 99 2287 178 2350; x_wconf 88' lang='lat' dir='ltr'>linis</span> <span class='ocrx_word' id='word_1_189' title='bbox 202 2286 326 2370; x_wconf 81' lang='lat' dir='ltr'>grande</span> <span class='ocrx_word' id='word_1_190' title='bbox 349 2287 514 2351; x_wconf 89' lang='lat' dir='ltr'>sustinens</span> <span class='ocrx_word' id='word_1_191' title='bbox 539 2287 700 2369; x_wconf 86' lang='lat' dir='ltr'>templum</span> <span class='ocrx_word' id='word_1_192' title='bbox 722 2289 831 2368; x_wconf 87' lang='lat' dir='ltr'>natat,</span> <span class='ocrx_word' id='word_1_193' title='bbox 860 2290 894 2349; x_wconf 89' lang='lat' dir='ltr'>et</span> <span class='ocrx_word' id='word_1_194' title='bbox 915 2307 1118 2370; x_wconf 87' lang='lat' dir='ltr'>quocumque</span> 
     </span>
     <span class='ocr_line' id='line_1_24' title="bbox 101 2373 1118 2457; baseline 0 -19"><span class='ocrx_word' id='word_1_195' title='bbox 101 2374 193 2438; x_wconf 84' lang='lat' dir='ltr'>venti</span> <span class='ocrx_word' id='word_1_196' title='bbox 212 2375 314 2456; x_wconf 83' lang='lat' dir='ltr'>agunt</span> <span class='ocrx_word' id='word_1_197' title='bbox 331 2373 473 2455; x_wconf 85' lang='lat' dir='ltr'>pellitur.</span> <span class='ocrx_word' id='word_1_198' title='bbox 517 2373 704 2456; x_wconf 86' lang='lat' dir='ltr'>pyramides</span> <span class='ocrx_word' id='word_1_199' title='bbox 723 2373 882 2437; x_wconf 87' lang='lat' dir='ltr'>tricenum</span> <span class='ocrx_word' id='word_1_200' title='bbox 899 2373 1019 2457; x_wconf 90' lang='lat' dir='ltr'>pedum</span> <span class='ocrx_word' id='word_1_201' title='bbox 1037 2375 1118 2457; x_wconf 89' lang='lat' dir='ltr'>lapi-</span> 
     </span>
     <span class='ocr_line' id='line_1_25' title="bbox 102 2460 1119 2546; baseline 0.002 -20"><span class='ocrx_word' id='word_1_202' title='bbox 102 2461 197 2526; x_wconf 91' lang='lat' dir='ltr'>dibus</span> <span class='ocrx_word' id='word_1_203' title='bbox 227 2462 406 2544; x_wconf 85' lang='lat' dir='ltr'>extructae,</span> <span class='ocrx_word' id='word_1_204' title='bbox 434 2481 570 2544; x_wconf 89' lang='lat' dir='ltr'>quarum</span> <span class='ocrx_word' id='word_1_205' title='bbox 598 2460 754 2544; x_wconf 83' lang='lat' dir='ltr'>maxima,</span> <span class='ocrx_word' id='word_1_206' title='bbox 782 2464 849 2525; x_wconf 88' lang='lat' dir='ltr'>tres</span> <span class='ocrx_word' id='word_1_207' title='bbox 871 2483 1011 2546; x_wconf 88' lang='lat' dir='ltr'>namque</span> <span class='ocrx_word' id='word_1_208' title='bbox 1035 2465 1119 2546; x_wconf 74' lang='lat' dir='ltr'>suut,</span> 
     </span>
     <span class='ocr_line' id='line_1_26' title="bbox 60 2548 1118 2634; baseline 0.009 -27"><span class='ocrx_word' id='word_1_209' title='bbox 60 2567 87 2608; x_wconf 82' lang='lat' dir='ltr'>rs</span> <span class='ocrx_word' id='word_1_210' title='bbox 101 2553 257 2634; x_wconf 85' lang='lat' dir='ltr'>quattuor</span> <span class='ocrx_word' id='word_1_211' title='bbox 278 2549 347 2614; x_wconf 86' lang='lat' dir='ltr'>fere</span> <span class='ocrx_word' id='word_1_212' title='bbox 370 2548 432 2614; x_wconf 88' lang='lat' dir='ltr'>soli</span> <span class='ocrx_word' id='word_1_213' title='bbox 458 2549 572 2634; x_wconf 84' lang='lat' dir='ltr'>iugera</span> <span class='ocrx_word' id='word_1_214' title='bbox 597 2570 660 2633; x_wconf 87' lang='lat' dir='ltr'>qua</span> <span class='ocrx_word' id='word_1_215' title='bbox 687 2548 779 2614; x_wconf 90' lang='lat' dir='ltr'>sedet</span> <span class='ocrx_word' id='word_1_216' title='bbox 806 2552 955 2634; x_wconf 85' lang='lat' dir='ltr'>occupat,</span> <span class='ocrx_word' id='word_1_217' title='bbox 981 2550 1118 2616; x_wconf 89' lang='lat' dir='ltr'>totidem</span> 
     </span>
     <span class='ocr_line' id='line_1_27' title="bbox 102 2637 1117 2724; baseline 0.003 -21"><span class='ocrx_word' id='word_1_218' title='bbox 102 2640 138 2703; x_wconf 91' lang='lat' dir='ltr'>in</span> <span class='ocrx_word' id='word_1_219' title='bbox 170 2637 378 2704; x_wconf 85' lang='lat' dir='ltr'>altitudinem</span> <span class='ocrx_word' id='word_1_220' title='bbox 411 2638 556 2724; x_wconf 82' lang='lat' dir='ltr'>erigitur.</span> <span class='ocrx_word' id='word_1_221' title='bbox 609 2637 744 2722; x_wconf 84' lang='lat' dir='ltr'>Moeris,</span> <span class='ocrx_word' id='word_1_222' title='bbox 777 2638 952 2724; x_wconf 86' lang='lat' dir='ltr'>aliquando</span> <span class='ocrx_word' id='word_1_223' title='bbox 984 2661 1117 2724; x_wconf 85' lang='lat' dir='ltr'>campus</span> 
     </span>
     <span class='ocr_line' id='line_1_28' title="bbox 101 2727 1118 2814; baseline 0.002 -22"><span class='ocrx_word' id='word_1_224' title='bbox 101 2748 187 2793; x_wconf 90' lang='lat' dir='ltr'>nunc</span> <span class='ocrx_word' id='word_1_225' title='bbox 209 2728 299 2792; x_wconf 87' lang='lat' dir='ltr'>lacus</span> <span class='ocrx_word' id='word_1_226' title='bbox 322 2727 440 2811; x_wconf 81' lang='lat' dir='ltr'>viginti</span> <span class='ocrx_word' id='word_1_227' title='bbox 458 2727 550 2792; x_wconf 89' lang='lat' dir='ltr'>milia</span> <span class='ocrx_word' id='word_1_228' title='bbox 567 2749 723 2811; x_wconf 87' lang='lat' dir='ltr'>passuum</span> <span class='ocrx_word' id='word_1_229' title='bbox 746 2727 781 2791; x_wconf 92' lang='lat' dir='ltr'>in</span> <span class='ocrx_word' id='word_1_230' title='bbox 803 2727 974 2794; x_wconf 89' lang='lat' dir='ltr'>circuitum</span> <span class='ocrx_word' id='word_1_231' title='bbox 992 2732 1118 2814; x_wconf 82' lang='lat' dir='ltr'>patens,</span> 
     </span>
     <span class='ocr_line' id='line_1_29' title="bbox 103 2815 1117 2902; baseline 0.001 -21"><span class='ocrx_word' id='word_1_232' title='bbox 103 2815 202 2882; x_wconf 89' lang='lat' dir='ltr'>eltior</span> <span class='ocrx_word' id='word_1_233' title='bbox 219 2837 317 2900; x_wconf 89' lang='lat' dir='ltr'>quam</span> <span class='ocrx_word' id='word_1_234' title='bbox 332 2816 373 2880; x_wconf 81' lang='lat' dir='ltr'>ad</span> <span class='ocrx_word' id='word_1_235' title='bbox 391 2817 612 2901; x_wconf 78' lang='lat' dir='ltr'>navigandum</span> <span class='ocrx_word' id='word_1_236' title='bbox 626 2815 755 2902; x_wconf 76' lang='lat' dir='ltr'>magnis</span> <span class='ocrx_word' id='word_1_237' title='bbox 774 2817 965 2902; x_wconf 87' lang='lat' dir='ltr'>onustisque</span> <span class='ocrx_word' id='word_1_238' title='bbox 978 2819 1117 2883; x_wconf 81' lang='lat' dir='ltr'>neribus</span> 
     </span>
     <span class='ocr_line' id='line_1_30' title="bbox 103 2903 1170 2989; baseline 0.002 -21"><span class='ocrx_word' id='word_1_239' title='bbox 103 2905 182 2968; x_wconf 78' lang='lat' dir='ltr'>satir</span> <span class='ocrx_word' id='word_1_240' title='bbox 207 2908 264 2968; x_wconf 87' lang='lat' dir='ltr'>est.</span> <span class='ocrx_word' id='word_1_241' title='bbox 309 2903 519 2968; x_wconf 89' lang='lat' dir='ltr'>Psammetici</span> <span class='ocrx_word' id='word_1_242' title='bbox 542 2927 624 2989; x_wconf 90' lang='lat' dir='ltr'>opus</span> <span class='ocrx_word' id='word_1_243' title='bbox 647 2904 865 2989; x_wconf 85' lang='lat' dir='ltr'>labyrinthus,</span> <span class='ocrx_word' id='word_1_244' title='bbox 888 2906 1003 2971; x_wconf 91' lang='lat' dir='ltr'>domos</span> <span class='ocrx_word' id='word_1_245' title='bbox 1027 2906 1117 2971; x_wconf 90' lang='lat' dir='ltr'>mille</span> <span class='ocrx_word' id='word_1_246' title='bbox 1137 2920 1170 2970; x_wconf 86' lang='grc'>55</span> 
     </span>
     <span class='ocr_line' id='line_1_31' title="bbox 62 2991 1117 3078; baseline 0.008 -28"><span class='ocrx_word' id='word_1_247' title='bbox 62 3011 89 3050; x_wconf 85' lang='lat' dir='ltr'>so</span> <span class='ocrx_word' id='word_1_248' title='bbox 103 2995 137 3056; x_wconf 98' lang='grc'>55</span> <span class='ocrx_word' id='word_1_249' title='bbox 154 2991 261 3075; x_wconf 84' lang='lat' dir='ltr'>regias</span> <span class='ocrx_word' id='word_1_250' title='bbox 280 2992 447 3056; x_wconf 87' lang='lat' dir='ltr'>duodecim</span> <span class='ocrx_word' id='word_1_251' title='bbox 465 2997 622 3076; x_wconf 86' lang='lat' dir='ltr'>perpetuo</span> <span class='ocrx_word' id='word_1_252' title='bbox 640 2993 775 3077; x_wconf 89' lang='lat' dir='ltr'>parietis</span> <span class='ocrx_word' id='word_1_253' title='bbox 795 2994 921 3060; x_wconf 90' lang='lat' dir='ltr'>ambitu</span> <span class='ocrx_word' id='word_1_254' title='bbox 939 2995 1117 3078; x_wconf 81' lang='lat' dir='ltr'>amplexus,</span> 
     </span>
     <span class='ocr_line' id='line_1_32' title="bbox 103 3081 1116 3163; baseline 0.003 -18"><span class='ocrx_word' id='word_1_255' title='bbox 103 3099 264 3146; x_wconf 87' lang='lat' dir='ltr'>marmore</span> <span class='ocrx_word' id='word_1_256' title='bbox 288 3081 454 3144; x_wconf 82' lang='lat' dir='ltr'>extructus</span> <span class='ocrx_word' id='word_1_257' title='bbox 478 3101 515 3144; x_wconf 84' lang='lat' dir='ltr'>cc</span> <span class='ocrx_word' id='word_1_258' title='bbox 538 3083 658 3163; x_wconf 84' lang='lat' dir='ltr'>tectus,</span> <span class='ocrx_word' id='word_1_259' title='bbox 686 3104 785 3146; x_wconf 91' lang='lat' dir='ltr'>unum</span> <span class='ocrx_word' id='word_1_260' title='bbox 808 3083 843 3147; x_wconf 91' lang='lat' dir='ltr'>in</span> <span class='ocrx_word' id='word_1_261' title='bbox 867 3103 901 3146; x_wconf 88' lang='lat' dir='ltr'>se</span> <span class='ocrx_word' id='word_1_262' title='bbox 928 3083 1116 3148; x_wconf 73' lang='lat' dir='ltr'>descensum</span> 
     </span>
    </p>
   </div>
   <div class='ocr_carea' id='block_1_3' title="bbox 102 3252 1117 3533">
    <p class='ocr_par' dir='ltr' id='par_1_3' title="bbox 102 3252 1117 3533">
     <span class='ocr_line' id='line_1_33' title="bbox 173 3252 1117 3326; baseline 0 -16"><span class='ocrx_word' id='word_1_263' title='bbox 173 3261 198 3310; x_wconf 84' lang='lat'>6.</span> <span class='ocrx_word' id='word_1_264' title='bbox 221 3253 351 3326; x_wconf 86' lang='lat' dir='ltr'>proprior</span> <span class='ocrx_word' id='word_1_265' title='bbox 373 3253 415 3308; x_wconf 80' lang='lat' dir='ltr'>A¹</span> <span class='ocrx_word' id='word_1_266' title='bbox 436 3252 553 3324; x_wconf 85' lang='lat' dir='ltr'>propior</span> <span class='ocrx_word' id='word_1_267' title='bbox 576 3253 616 3307; x_wconf 88' lang='lat' dir='ltr'>A*</span> <span class='ocrx_word' id='word_1_268' title='bbox 688 3261 712 3309; x_wconf 86' lang='lat'>8.</span> <span class='ocrx_word' id='word_1_269' title='bbox 737 3253 879 3310; x_wconf 79' lang='lat' dir='ltr'>etheosiee</span> <span class='ocrx_word' id='word_1_270' title='bbox 903 3256 930 3309; x_wconf 96' lang='lat' dir='ltr'><strong><em>A</em></strong></span> <span class='ocrx_word' id='word_1_271' title='bbox 1004 3261 1044 3312; x_wconf 80' lang='lat'>12.</span> <span class='ocrx_word' id='word_1_272' title='bbox 1069 3257 1117 3310; x_wconf 94' lang='lat' dir='ltr'>ad-</span> 
     </span>
     <span class='ocr_line' id='line_1_34' title="bbox 103 3323 1115 3396; baseline 0.004 -17"><span class='ocrx_word' id='word_1_273' title='bbox 103 3324 211 3393; x_wconf 88' lang='lat' dir='ltr'>plicant</span> <span class='ocrx_word' id='word_1_274' title='bbox 225 3326 266 3379; x_wconf 83' lang='lat' dir='ltr'>A¹</span> <span class='ocrx_word' id='word_1_275' title='bbox 279 3323 427 3396; x_wconf 83' lang='lat' dir='ltr'>applicant</span> <span class='ocrx_word' id='word_1_276' title='bbox 440 3324 481 3379; x_wconf 91' lang='lat' dir='ltr'>A*</span> <span class='ocrx_word' id='word_1_277' title='bbox 550 3331 590 3380; x_wconf 89' lang='grc'>16.</span> <span class='ocrx_word' id='word_1_278' title='bbox 606 3323 785 3380; x_wconf 86' lang='lat' dir='ltr'>anticthones</span> <span class='ocrx_word' id='word_1_279' title='bbox 799 3327 828 3380; x_wconf 91' lang='lat' dir='ltr'><strong><em>A</em></strong></span> <span class='ocrx_word' id='word_1_280' title='bbox 896 3332 938 3381; x_wconf 32' lang='lat'>19¹.</span> <span class='ocrx_word' id='word_1_281' title='bbox 953 3326 1115 3383; x_wconf 83' lang='lat' dir='ltr'>adcrescere</span> 
     </span>
     <span class='ocr_line' id='line_1_35' title="bbox 102 3395 1116 3467; baseline 0.006 -19"><span class='ocrx_word' id='word_1_282' title='bbox 102 3395 143 3448; x_wconf 83' lang='lat' dir='ltr'>A¹</span> <span class='ocrx_word' id='word_1_283' title='bbox 162 3412 321 3452; x_wconf 85' lang='lat' dir='ltr'>accrescere</span> <span class='ocrx_word' id='word_1_284' title='bbox 340 3397 382 3450; x_wconf 89' lang='lat' dir='ltr'>A*</span> <span class='ocrx_word' id='word_1_285' title='bbox 445 3395 556 3467; x_wconf 90' lang='lat' dir='ltr'>hiemps</span> <span class='ocrx_word' id='word_1_286' title='bbox 574 3396 616 3450; x_wconf 82' lang='lat' dir='ltr'>A¹</span> <span class='ocrx_word' id='word_1_287' title='bbox 634 3395 725 3452; x_wconf 84' lang='lat' dir='ltr'>hiems</span> <span class='ocrx_word' id='word_1_288' title='bbox 745 3397 786 3451; x_wconf 86' lang='lat' dir='ltr'>A*</span> <span class='ocrx_word' id='word_1_289' title='bbox 850 3403 892 3454; x_wconf 76' lang='lat'>25.</span> <span class='ocrx_word' id='word_1_290' title='bbox 912 3415 984 3466; x_wconf 89' lang='lat' dir='ltr'>quae</span> <span class='ocrx_word' id='word_1_291' title='bbox 1003 3400 1070 3454; x_wconf 90' lang='lat' dir='ltr'>sede</span> <span class='ocrx_word' id='word_1_292' title='bbox 1089 3403 1116 3454; x_wconf 91' lang='lat' dir='ltr'><strong><em>A</em></strong></span> 
     </span>
     <span class='ocr_line' id='line_1_36' title="bbox 104 3465 1117 3533; baseline 0.005 -14"><span class='ocrx_word' id='word_1_293' title='bbox 104 3482 159 3533; x_wconf 90' lang='lat' dir='ltr'>qua</span> <span class='ocrx_word' id='word_1_294' title='bbox 177 3465 257 3522; x_wconf 84' lang='lat' dir='ltr'>sedet</span> <span class='ocrx_word' id='word_1_295' title='bbox 276 3469 430 3524; x_wconf 65' lang='lat' dir='ltr'>Patimur</span> <span class='ocrx_word' id='word_1_296' title='bbox 491 3474 534 3523; x_wconf 78' lang='lat'>31.</span> <span class='ocrx_word' id='word_1_297' title='bbox 555 3483 588 3522; x_wconf 81' lang='lat' dir='ltr'>sc</span> <span class='ocrx_word' id='word_1_298' title='bbox 607 3468 702 3522; x_wconf 85' lang='lat' dir='ltr'>tectus</span> <span class='ocrx_word' id='word_1_299' title='bbox 719 3467 844 3524; x_wconf 82' lang='lat' dir='ltr'>-intus</span> <span class='ocrx_word' id='word_1_300' title='bbox 862 3486 912 3526; x_wconf 87' lang='lat' dir='ltr'>om.</span> <span class='ocrx_word' id='word_1_301' title='bbox 932 3471 974 3524; x_wconf 83' lang='lat' dir='ltr'>A¹</span> <span class='ocrx_word' id='word_1_302' title='bbox 992 3472 1056 3527; x_wconf 82' lang='lat' dir='ltr'>add.</span> <span class='ocrx_word' id='word_1_303' title='bbox 1075 3471 1117 3524; x_wconf 85' lang='lat' dir='ltr'>A*</span> 
     </span>
    </p>
   </div>
   <div class='ocr_carea' id='block_1_4' title="bbox 102 3538 386 3608">
    <p class='ocr_par' dir='ltr' id='par_1_4' title="bbox 102 3538 386 3608">
     <span class='ocr_line' id='line_1_37' title="bbox 102 3538 386 3608; baseline 0.011 -17"><span class='ocrx_word' id='word_1_304' title='bbox 102 3538 135 3592; x_wconf 79' lang='lat' dir='ltr'>ia</span> <span class='ocrx_word' id='word_1_305' title='bbox 152 3554 237 3608; x_wconf 78' lang='lat' dir='ltr'>morp.</span> <span class='ocrx_word' id='word_1_306' title='bbox 255 3541 386 3607; x_wconf 69' lang='lat' dir='ltr'>desertore</span> 
     </span>
    </p>
   </div>
   <div class='ocr_carea' id='block_1_5' title="bbox 0 0 1316 4072">
    <p class='ocr_par' dir='ltr' id='par_1_5' title="bbox 0 0 1316 4072">
     <span class='ocr_line' id='line_1_38' title="bbox 0 0 1316 4072; baseline 0 0"><span class='ocrx_word' id='word_1_307' title='bbox 0 0 1316 4072; x_wconf 95' lang='lat' dir='ltr'> </span> 
     </span>
    </p>
   </div>
  </div>
 </body>
</html>
