<?xml version="1.0" encoding="UTF-8"?>
<!DOCTYPE html PUBLIC "-//W3C//DTD XHTML 1.0 Transitional//EN"
    "http://www.w3.org/TR/xhtml1/DTD/xhtml1-transitional.dtd">
<html xmlns="http://www.w3.org/1999/xhtml" xml:lang="en" lang="en">
 <head>
  <title>
</title>
<meta http-equiv="Content-Type" content="text/html;charset=utf-8" />
  <meta name='ocr-system' content='tesseract 3.04.00' />
  <meta name='ocr-capabilities' content='ocr_page ocr_carea ocr_par ocr_line ocrx_word'/>
</head>
<body>
  <div class='ocr_page' id='page_1' title='image "./pomponiimelaede04melagoog_0069.png"; bbox 0 0 2610 4072; ppageno 0'>
   <div class='ocr_carea' id='block_1_1' title="bbox 216 271 883 344">
    <p class='ocr_par' dir='ltr' id='par_1_1' title="bbox 216 271 883 344">
     <span class='ocr_line' id='line_1_1' title="bbox 216 271 883 344; baseline 0 -14"><span class='ocrx_word' id='word_1_1' title='bbox 216 278 260 344; x_wconf 79' lang='grc'><strong>54</strong></span> <span class='ocrx_word' id='word_1_2' title='bbox 561 273 740 334; x_wconf 85' lang='lat' dir='ltr'><strong>PCldPCNH</strong></span> <span class='ocrx_word' id='word_1_3' title='bbox 757 271 883 331; x_wconf 67' lang='lat' dir='ltr'><strong>Menan</strong></span> 
     </span>
    </p>
   </div>
   <div class='ocr_carea' id='block_1_2' title="bbox 151 436 1267 2819">
    <p class='ocr_par' dir='ltr' id='par_1_2' title="bbox 151 436 1267 2819">
     <span class='ocr_line' id='line_1_2' title="bbox 216 436 1249 521; baseline -0.003 -16"><span class='ocrx_word' id='word_1_4' title='bbox 216 441 335 505; x_wconf 88' lang='lat' dir='ltr'><strong>basum</strong></span> <span class='ocrx_word' id='word_1_5' title='bbox 366 443 400 504; x_wconf 88' lang='lat' dir='ltr'><strong>et</strong></span> <span class='ocrx_word' id='word_1_6' title='bbox 432 437 583 503; x_wconf 81' lang='lat' dir='ltr'><strong>Pelorida</strong></span> <span class='ocrx_word' id='word_1_7' title='bbox 614 437 817 504; x_wconf 70' lang='lat' dir='ltr'><strong>Panhormus</strong></span> <span class='ocrx_word' id='word_1_8' title='bbox 850 442 884 503; x_wconf 90' lang='lat' dir='ltr'><strong>et</strong></span> <span class='ocrx_word' id='word_1_9' title='bbox 913 437 1062 521; x_wconf 83' lang='lat' dir='ltr'><strong>Himera,</strong></span> <span class='ocrx_word' id='word_1_10' title='bbox 1094 436 1249 502; x_wconf 87' lang='lat' dir='ltr'><strong>interius</strong></span> 
     </span>
     <span class='ocr_line' id='line_1_3' title="bbox 215 523 1248 611; baseline -0.003 -17"><span class='ocrx_word' id='word_1_11' title='bbox 215 550 294 594; x_wconf 83' lang='lat' dir='ltr'><strong>vero</strong></span> <span class='ocrx_word' id='word_1_12' title='bbox 325 526 480 592; x_wconf 87' lang='lat' dir='ltr'><strong>Leontini</strong></span> <span class='ocrx_word' id='word_1_13' title='bbox 516 529 549 590; x_wconf 88' lang='lat' dir='ltr'><strong>et</strong></span> <span class='ocrx_word' id='word_1_14' title='bbox 586 523 832 611; x_wconf 72' lang='lat' dir='ltr'>Centuripinum</span> <span class='ocrx_word' id='word_1_15' title='bbox 869 531 903 591; x_wconf 92' lang='lat' dir='ltr'><strong>et</strong></span> <span class='ocrx_word' id='word_1_16' title='bbox 938 525 1049 610; x_wconf 83' lang='lat' dir='ltr'><strong>Hybla</strong></span> <span class='ocrx_word' id='word_1_17' title='bbox 1085 524 1248 610; x_wconf 85' lang='lat' dir='ltr'><strong>aliaeque</strong></span> 
     </span>
     <span class='ocr_line' id='line_1_4' title="bbox 217 611 1247 700; baseline -0.003 -18"><span class='ocrx_word' id='word_1_18' title='bbox 217 616 400 700; x_wconf 78' lang='lat' dir='ltr'><strong>conplures3</strong></span> <span class='ocrx_word' id='word_1_19' title='bbox 428 615 551 680; x_wconf 87' lang='lat' dir='ltr'><strong>famam</strong></span> <span class='ocrx_word' id='word_1_20' title='bbox 578 613 680 680; x_wconf 86' lang='lat' dir='ltr'><strong>habet</strong></span> <span class='ocrx_word' id='word_1_21' title='bbox 707 615 749 680; x_wconf 92' lang='lat' dir='ltr'><strong>ob</strong></span> <span class='ocrx_word' id='word_1_22' title='bbox 773 612 903 682; x_wconf 86' lang='lat' dir='ltr'><strong>Cereris</strong></span> <span class='ocrx_word' id='word_1_23' title='bbox 928 611 1087 698; x_wconf 87' lang='lat' dir='ltr'><strong>templum</strong></span> <span class='ocrx_word' id='word_1_24' title='bbox 1114 611 1247 679; x_wconf 84' lang='lat' dir='ltr'><strong>Henna</strong></span> 
     </span>
     <span class='ocr_line' id='line_1_5' title="bbox 154 701 1247 788; baseline -0.003 -18"><span class='ocrx_word' id='word_1_25' title='bbox 154 705 431 788; x_wconf 82' lang='lat' dir='ltr'><strong>119praecipuam.</strong></span> <span class='ocrx_word' id='word_1_26' title='bbox 482 703 645 768; x_wconf 87' lang='lat' dir='ltr'><strong>montium</strong></span> <span class='ocrx_word' id='word_1_27' title='bbox 670 701 761 788; x_wconf 74' lang='lat' dir='ltr'><strong>ldryx</strong></span> <span class='ocrx_word' id='word_1_28' title='bbox 787 704 926 768; x_wconf 78' lang='lat' dir='ltr'><strong>maxime</strong></span> <span class='ocrx_word' id='word_1_29' title='bbox 960 706 1165 768; x_wconf 81' lang='lat' dir='ltr'><strong>memoratur</strong></span> <span class='ocrx_word' id='word_1_30' title='bbox 1201 703 1247 769; x_wconf 91' lang='lat' dir='ltr'><strong>ob</strong></span> 
     </span>
     <span class='ocr_line' id='line_1_6' title="bbox 216 789 1263 876; baseline -0.001 -19"><span class='ocrx_word' id='word_1_31' title='bbox 216 792 386 857; x_wconf 82' lang='lat' dir='ltr'>delubrum</span> <span class='ocrx_word' id='word_1_32' title='bbox 406 790 545 857; x_wconf 86' lang='lat' dir='ltr'><strong>Veneris</strong></span> <span class='ocrx_word' id='word_1_33' title='bbox 569 791 610 855; x_wconf 92' lang='lat' dir='ltr'><strong>ab</strong></span> <span class='ocrx_word' id='word_1_34' title='bbox 629 791 743 857; x_wconf 78' lang='lat' dir='ltr'><strong>hensa</strong></span> <span class='ocrx_word' id='word_1_35' title='bbox 764 791 939 876; x_wconf 88' lang='lat' dir='ltr'><strong>conditum,</strong></span> <span class='ocrx_word' id='word_1_36' title='bbox 962 794 995 856; x_wconf 90' lang='lat' dir='ltr'><strong>st</strong></span> <span class='ocrx_word' id='word_1_37' title='bbox 1013 789 1121 855; x_wconf 83' lang='lat' dir='ltr'><strong>Aetna</strong></span> <span class='ocrx_word' id='word_1_38' title='bbox 1146 793 1263 875; x_wconf 68' lang='lat' dir='ltr'><strong>quodi</strong></span> 
     </span>
     <span class='ocr_line' id='line_1_7' title="bbox 216 875 1247 966; baseline -0.002 -20"><span class='ocrx_word' id='word_1_39' title='bbox 216 878 378 964; x_wconf 77' lang='lat' dir='ltr'><strong>Cyclopas</strong></span> <span class='ocrx_word' id='word_1_40' title='bbox 397 881 477 945; x_wconf 89' lang='lat' dir='ltr'><strong>olim</strong></span> <span class='ocrx_word' id='word_1_41' title='bbox 496 880 583 966; x_wconf 89' lang='lat' dir='ltr'><strong>tulit,</strong></span> <span class='ocrx_word' id='word_1_42' title='bbox 605 899 691 946; x_wconf 85' lang='lat' dir='ltr'><strong>nunc</strong></span> <span class='ocrx_word' id='word_1_43' title='bbox 709 880 855 946; x_wconf 78' lang='lat' dir='ltr'><strong>adsiduis</strong></span> <span class='ocrx_word' id='word_1_44' title='bbox 872 879 1004 963; x_wconf 80' lang='lat' dir='ltr'><strong>ignibus</strong></span> <span class='ocrx_word' id='word_1_45' title='bbox 1024 875 1157 964; x_wconf 75' lang='lat' dir='ltr'><strong>flagrat</strong></span> <span class='ocrx_word' id='word_1_46' title='bbox 1205 879 1247 944; x_wconf 89' lang='lat' dir='ltr'><strong>de</strong></span> 
     </span>
     <span class='ocr_line' id='line_1_8' title="bbox 216 966 1243 1053; baseline 0.001 -21"><span class='ocrx_word' id='word_1_47' title='bbox 216 968 367 1033; x_wconf 86' lang='lat' dir='ltr'><strong>amnibus</strong></span> <span class='ocrx_word' id='word_1_48' title='bbox 390 967 526 1034; x_wconf 88' lang='lat' dir='ltr'><strong>Himera</strong></span> <span class='ocrx_word' id='word_1_49' title='bbox 548 967 749 1052; x_wconf 85' lang='lat' dir='ltr'><strong>referendus,</strong></span> <span class='ocrx_word' id='word_1_50' title='bbox 775 969 852 1053; x_wconf 88' lang='lat' dir='ltr'><strong>quia</strong></span> <span class='ocrx_word' id='word_1_51' title='bbox 874 969 908 1032; x_wconf 92' lang='lat' dir='ltr'><strong>in</strong></span> <span class='ocrx_word' id='word_1_52' title='bbox 930 966 1038 1032; x_wconf 87' lang='lat' dir='ltr'><strong>media</strong></span> <span class='ocrx_word' id='word_1_53' title='bbox 1060 967 1243 1033; x_wconf 87' lang='lat' dir='ltr'><strong>admodum</strong></span> 
     </span>
     <span class='ocr_line' id='line_1_9' title="bbox 214 1056 1245 1140; baseline 0 -18"><span class='ocrx_word' id='word_1_54' title='bbox 214 1059 306 1122; x_wconf 86' lang='lat' dir='ltr'><strong>ortus</strong></span> <span class='ocrx_word' id='word_1_55' title='bbox 330 1057 365 1122; x_wconf 91' lang='lat' dir='ltr'><strong>in</strong></span> <span class='ocrx_word' id='word_1_56' title='bbox 393 1058 523 1122; x_wconf 87' lang='lat' dir='ltr'><strong>diversa</strong></span> <span class='ocrx_word' id='word_1_57' title='bbox 545 1056 700 1140; x_wconf 77' lang='lat' dir='ltr'><strong>decurrit,</strong></span> <span class='ocrx_word' id='word_1_58' title='bbox 728 1057 942 1140; x_wconf 77' lang='lat' dir='ltr'><strong>scindensque</strong></span> <span class='ocrx_word' id='word_1_59' title='bbox 972 1074 1043 1122; x_wconf 80' lang='lat' dir='ltr'><strong>eam</strong></span> <span class='ocrx_word' id='word_1_60' title='bbox 1070 1056 1245 1140; x_wconf 76' lang='lat' dir='ltr'><strong>utrimque</strong></span> 
     </span>
     <span class='ocr_line' id='line_1_10' title="bbox 215 1143 1244 1228; baseline 0.001 -18"><span class='ocrx_word' id='word_1_61' title='bbox 215 1145 279 1212; x_wconf 84' lang='lat' dir='ltr'><strong>alio</strong></span> <span class='ocrx_word' id='word_1_62' title='bbox 310 1167 366 1211; x_wconf 87' lang='lat' dir='ltr'><strong>cre</strong></span> <span class='ocrx_word' id='word_1_63' title='bbox 394 1147 430 1210; x_wconf 84' lang='lat' dir='ltr'><strong>in</strong></span> <span class='ocrx_word' id='word_1_64' title='bbox 456 1144 617 1228; x_wconf 86' lang='lat' dir='ltr'><strong>Libycum</strong></span> <span class='ocrx_word' id='word_1_65' title='bbox 645 1145 711 1208; x_wconf 89' lang='lat' dir='ltr'><strong>alio</strong></span> <span class='ocrx_word' id='word_1_66' title='bbox 738 1144 773 1208; x_wconf 88' lang='lat' dir='ltr'><strong>in</strong></span> <span class='ocrx_word' id='word_1_67' title='bbox 801 1144 942 1210; x_wconf 76' lang='lat' dir='ltr'><strong>Tuscum</strong></span> <span class='ocrx_word' id='word_1_68' title='bbox 969 1165 1059 1209; x_wconf 89' lang='lat' dir='ltr'><strong>mare</strong></span> <span class='ocrx_word' id='word_1_69' title='bbox 1091 1143 1244 1211; x_wconf 84' lang='lat' dir='ltr'><strong>devenit.</strong></span> 
     </span>
     <span class='ocr_line' id='line_1_11' title="bbox 153 1230 1260 1316; baseline -0.002 -16"><span class='ocrx_word' id='word_1_70' title='bbox 153 1251 204 1302; x_wconf 79' lang='lat'><strong>120</strong></span> <span class='ocrx_word' id='word_1_71' title='bbox 215 1234 313 1300; x_wconf 85' lang='lat' dir='ltr'><strong>circa</strong></span> <span class='ocrx_word' id='word_1_72' title='bbox 341 1232 486 1300; x_wconf 82' lang='lat' dir='ltr'><strong>Siciliam</strong></span> <span class='ocrx_word' id='word_1_73' title='bbox 526 1233 561 1296; x_wconf 89' lang='lat' dir='ltr'><strong>in</strong></span> <span class='ocrx_word' id='word_1_74' title='bbox 597 1230 706 1296; x_wconf 79' lang='lat' dir='ltr'><strong>Siculo</strong></span> <span class='ocrx_word' id='word_1_75' title='bbox 748 1231 831 1296; x_wconf 80' lang='lat' dir='ltr'><strong>freto</strong></span> <span class='ocrx_word' id='word_1_76' title='bbox 874 1235 925 1298; x_wconf 87' lang='lat' dir='ltr'><strong>est</strong></span> <span class='ocrx_word' id='word_1_77' title='bbox 959 1230 1085 1316; x_wconf 83' lang='lat' dir='ltr'><strong>Aeaee,</strong></span> <span class='ocrx_word' id='word_1_78' title='bbox 1131 1253 1260 1316; x_wconf 84' lang='lat' dir='ltr'><strong>quarn1</strong></span> 
     </span>
     <span class='ocr_line' id='line_1_12' title="bbox 216 1317 1241 1414; baseline -0.002 -26"><span class='ocrx_word' id='word_1_79' title='bbox 216 1319 359 1406; x_wconf 80' lang='lat' dir='ltr'><strong>Calypso</strong></span> <span class='ocrx_word' id='word_1_80' title='bbox 396 1321 563 1386; x_wconf 73' lang='lat' dir='ltr'><strong>habitasse</strong></span> <span class='ocrx_word' id='word_1_81' title='bbox 600 1318 732 1404; x_wconf 88' lang='lat' dir='ltr'><strong>dieitur,</strong></span> <span class='ocrx_word' id='word_1_82' title='bbox 769 1317 919 1414; x_wconf 67' lang='lat' dir='ltr'><strong>Africam</strong></span> <span class='ocrx_word' id='word_1_83' title='bbox 953 1339 1081 1385; x_wconf 86' lang='lat' dir='ltr'><strong>versus.</strong></span> <span class='ocrx_word' id='word_1_84' title='bbox 1100 1317 1241 1405; x_wconf 80' lang='lat' dir='ltr'><strong>Gaulos,</strong></span> 
     </span>
     <span class='ocr_line' id='line_1_13' title="bbox 214 1405 1239 1494; baseline 0 -20"><span class='ocrx_word' id='word_1_85' title='bbox 214 1409 339 1492; x_wconf 83' lang='lat' dir='ltr'><strong>Melita,</strong></span> <span class='ocrx_word' id='word_1_86' title='bbox 363 1407 513 1492; x_wconf 90' lang='lat' dir='ltr'><strong>Cossura,</strong></span> <span class='ocrx_word' id='word_1_87' title='bbox 534 1406 669 1492; x_wconf 88' lang='lat' dir='ltr'><strong>propius</strong></span> <span class='ocrx_word' id='word_1_88' title='bbox 692 1405 824 1472; x_wconf 87' lang='lat' dir='ltr'><strong>Italiam</strong></span> <span class='ocrx_word' id='word_1_89' title='bbox 847 1407 981 1491; x_wconf 83' lang='lat' dir='ltr'><strong>Calata,</strong></span> <span class='ocrx_word' id='word_1_90' title='bbox 1005 1412 1038 1473; x_wconf 93' lang='lat' dir='ltr'><strong>et</strong></span> <span class='ocrx_word' id='word_1_91' title='bbox 1060 1408 1139 1473; x_wconf 87' lang='lat' dir='ltr'><strong>illae</strong></span> <span class='ocrx_word' id='word_1_92' title='bbox 1165 1431 1239 1494; x_wconf 88' lang='lat' dir='ltr'><strong>sep-</strong></span> 
     </span>
     <span class='ocr_line' id='line_1_14' title="bbox 213 1494 1237 1582; baseline 0.004 -22"><span class='ocrx_word' id='word_1_93' title='bbox 213 1501 281 1561; x_wconf 91' lang='lat' dir='ltr'><strong>tsm</strong></span> <span class='ocrx_word' id='word_1_94' title='bbox 305 1517 384 1580; x_wconf 89' lang='lat' dir='ltr'><strong>quas</strong></span> <span class='ocrx_word' id='word_1_95' title='bbox 409 1495 506 1562; x_wconf 83' lang='lat' dir='ltr'><strong>Aeoli</strong></span> <span class='ocrx_word' id='word_1_96' title='bbox 530 1495 697 1580; x_wconf 87' lang='lat' dir='ltr'><strong>adpellant</strong></span> <span class='ocrx_word' id='word_1_97' title='bbox 719 1494 890 1582; x_wconf 77' lang='lat' dir='ltr'><strong>Osteodes,</strong></span> <span class='ocrx_word' id='word_1_98' title='bbox 911 1496 1041 1581; x_wconf 88' lang='lat' dir='ltr'><strong>Lipara,</strong></span> <span class='ocrx_word' id='word_1_99' title='bbox 1062 1495 1237 1582; x_wconf 82' lang='lat' dir='ltr'><strong>Heraclea,</strong></span> 
     </span>
     <span class='ocr_line' id='line_1_15' title="bbox 213 1583 1235 1672; baseline 0.001 -22"><span class='ocrx_word' id='word_1_100' title='bbox 213 1584 365 1669; x_wconf 86' lang='lat' dir='ltr'><strong>Didyma,</strong></span> <span class='ocrx_word' id='word_1_101' title='bbox 388 1583 605 1668; x_wconf 87' lang='lat' dir='ltr'><strong>Phoenicusa,</strong></span> <span class='ocrx_word' id='word_1_102' title='bbox 628 1585 774 1650; x_wconf 83' lang='lat' dir='ltr'><strong>sesicut</strong></span> <span class='ocrx_word' id='word_1_103' title='bbox 795 1585 905 1650; x_wconf 87' lang='lat' dir='ltr'><strong>Aetna</strong></span> <span class='ocrx_word' id='word_1_104' title='bbox 931 1588 1086 1669; x_wconf 86' lang='lat' dir='ltr'><strong>perpetuo</strong></span> <span class='ocrx_word' id='word_1_105' title='bbox 1109 1585 1235 1672; x_wconf 77' lang='lat' dir='ltr'><strong>flagrat</strong></span> 
     </span>
     <span class='ocr_line' id='line_1_16' title="bbox 151 1671 1262 1759; baseline -0.001 -18"><span class='ocrx_word' id='word_1_106' title='bbox 151 1674 290 1759; x_wconf 75' lang='lat' dir='ltr'><strong>migne</strong></span> <span class='ocrx_word' id='word_1_107' title='bbox 317 1673 419 1739; x_wconf 87' lang='lat' dir='ltr'><strong>Hiera</strong></span> <span class='ocrx_word' id='word_1_108' title='bbox 450 1677 483 1738; x_wconf 91' lang='lat' dir='ltr'><strong>et</strong></span> <span class='ocrx_word' id='word_1_109' title='bbox 506 1671 694 1759; x_wconf 71' lang='lat' dir='ltr'><strong>Strongyle.</strong></span> <span class='ocrx_word' id='word_1_110' title='bbox 739 1677 791 1738; x_wconf 82' lang='lat' dir='ltr'><strong>ret</strong></span> <span class='ocrx_word' id='word_1_111' title='bbox 817 1672 1005 1757; x_wconf 87' lang='lat' dir='ltr'><strong>Pithecusa,</strong></span> <span class='ocrx_word' id='word_1_112' title='bbox 1037 1671 1262 1758; x_wconf 71' lang='lat' dir='ltr'><strong>Leucotheau</strong></span> 
     </span>
     <span class='ocr_line' id='line_1_17' title="bbox 213 1760 1236 1848; baseline 0.001 -20"><span class='ocrx_word' id='word_1_113' title='bbox 213 1761 366 1846; x_wconf 82' lang='lat' dir='ltr'><strong>Aenaria,</strong></span> <span class='ocrx_word' id='word_1_114' title='bbox 390 1760 538 1846; x_wconf 85' lang='lat' dir='ltr'><strong>Sidonia,</strong></span> <span class='ocrx_word' id='word_1_115' title='bbox 560 1760 715 1846; x_wconf 80' lang='lat' dir='ltr'><strong>Capreae,</strong></span> <span class='ocrx_word' id='word_1_116' title='bbox 737 1761 914 1848; x_wconf 85' lang='lat' dir='ltr'><strong>Prochyta,</strong></span> <span class='ocrx_word' id='word_1_117' title='bbox 936 1761 1087 1845; x_wconf 89' lang='lat' dir='ltr'><strong>Pontiae,</strong></span> <span class='ocrx_word' id='word_1_118' title='bbox 1109 1761 1236 1829; x_wconf 89' lang='lat' dir='ltr'><strong>Panda·</strong></span> 
     </span>
     <span class='ocr_line' id='line_1_18' title="bbox 214 1848 1235 1936; baseline 0.002 -20"><span class='ocrx_word' id='word_1_119' title='bbox 214 1852 315 1936; x_wconf 85' lang='lat' dir='ltr'><strong>teria,</strong></span> <span class='ocrx_word' id='word_1_120' title='bbox 343 1849 490 1935; x_wconf 84' lang='lat' dir='ltr'><strong>Sinonia,</strong></span> <span class='ocrx_word' id='word_1_121' title='bbox 517 1850 683 1915; x_wconf 73' lang='lat' dir='ltr'><strong>Palmaria</strong></span> <span class='ocrx_word' id='word_1_122' title='bbox 709 1849 825 1917; x_wconf 89' lang='lat' dir='ltr'><strong>Italico</strong></span> <span class='ocrx_word' id='word_1_123' title='bbox 851 1850 947 1916; x_wconf 86' lang='lat' dir='ltr'><strong>lateri</strong></span> <span class='ocrx_word' id='word_1_124' title='bbox 974 1849 1056 1916; x_wconf 87' lang='lat' dir='ltr'><strong>citra</strong></span> <span class='ocrx_word' id='word_1_125' title='bbox 1079 1848 1235 1918; x_wconf 79' lang='lat' dir='ltr'><strong>Tiberina</strong></span> 
     </span>
     <span class='ocr_line' id='line_1_19' title="bbox 152 1937 1238 2026; baseline 0.001 -21"><span class='ocrx_word' id='word_1_126' title='bbox 152 1956 202 2005; x_wconf 80' lang='lat'><strong>122</strong></span> <span class='ocrx_word' id='word_1_127' title='bbox 215 1940 301 2005; x_wconf 88' lang='lat' dir='ltr'><strong>ostia</strong></span> <span class='ocrx_word' id='word_1_128' title='bbox 333 1938 490 2004; x_wconf 73' lang='lat' dir='ltr'><strong>adiacent.</strong></span> <span class='ocrx_word' id='word_1_129' title='bbox 545 1939 632 2004; x_wconf 86' lang='lat' dir='ltr'><strong>ultra</strong></span> <span class='ocrx_word' id='word_1_130' title='bbox 660 1939 786 2022; x_wconf 87' lang='lat' dir='ltr'><strong>aliquot</strong></span> <span class='ocrx_word' id='word_1_131' title='bbox 817 1943 893 2004; x_wconf 88' lang='lat' dir='ltr'><strong>sunt</strong></span> <span class='ocrx_word' id='word_1_132' title='bbox 924 1960 1042 2022; x_wconf 84' lang='lat' dir='ltr'><strong>parvas</strong></span> <span class='ocrx_word' id='word_1_133' title='bbox 1069 1937 1238 2026; x_wconf 85' lang='lat' dir='ltr'><strong>Dianium,</strong></span> 
     </span>
     <span class='ocr_line' id='line_1_20' title="bbox 216 2023 1239 2112; baseline 0.002 -22"><span class='ocrx_word' id='word_1_134' title='bbox 216 2025 362 2111; x_wconf 84' lang='lat' dir='ltr'><strong>Igilium,</strong></span> <span class='ocrx_word' id='word_1_135' title='bbox 388 2023 564 2108; x_wconf 88' lang='lat' dir='ltr'><strong>Carbania,</strong></span> <span class='ocrx_word' id='word_1_136' title='bbox 593 2024 699 2110; x_wconf 77' lang='lat' dir='ltr'><strong>Urgo,</strong></span> <span class='ocrx_word' id='word_1_137' title='bbox 721 2025 805 2109; x_wconf 89' lang='lat' dir='ltr'><strong>Ilva,</strong></span> <span class='ocrx_word' id='word_1_138' title='bbox 834 2025 1003 2112; x_wconf 87' lang='lat' dir='ltr'><strong>Capraria,</strong></span> <span class='ocrx_word' id='word_1_139' title='bbox 1031 2026 1113 2092; x_wconf 86' lang='lat' dir='ltr'><strong>duae</strong></span> <span class='ocrx_word' id='word_1_140' title='bbox 1133 2045 1239 2111; x_wconf 75' lang='lat' dir='ltr'><strong>gran-</strong></span> 
     </span>
     <span class='ocr_line' id='line_1_21' title="bbox 216 2111 1267 2200; baseline 0.004 -22"><span class='ocrx_word' id='word_1_141' title='bbox 216 2113 272 2178; x_wconf 87' lang='lat' dir='ltr'><strong>des</strong></span> <span class='ocrx_word' id='word_1_142' title='bbox 299 2114 448 2197; x_wconf 84' lang='lat' dir='ltr'><strong>fretoque</strong></span> <span class='ocrx_word' id='word_1_143' title='bbox 476 2111 612 2198; x_wconf 78' lang='lat' dir='ltr'><strong>diuisae,</strong></span> <span class='ocrx_word' id='word_1_144' title='bbox 645 2133 781 2197; x_wconf 88' lang='lat' dir='ltr'><strong>quarum</strong></span> <span class='ocrx_word' id='word_1_145' title='bbox 809 2111 943 2180; x_wconf 87' lang='lat' dir='ltr'><strong>Corsica</strong></span> <span class='ocrx_word' id='word_1_146' title='bbox 970 2114 1061 2180; x_wconf 86' lang='lat' dir='ltr'><strong>litori</strong></span> <span class='ocrx_word' id='word_1_147' title='bbox 1089 2115 1237 2200; x_wconf 86' lang='lat' dir='ltr'><strong>propior,</strong></span> <span class='ocrx_word' id='word_1_148' title='bbox 1251 2133 1267 2172; x_wconf 72' lang='lat' dir='ltr'><strong>u</strong></span> 
     </span>
     <span class='ocr_line' id='line_1_22' title="bbox 214 2199 1237 2288; baseline 0.003 -20"><span class='ocrx_word' id='word_1_149' title='bbox 214 2201 300 2268; x_wconf 83' lang='lat' dir='ltr'><strong>inter</strong></span> <span class='ocrx_word' id='word_1_150' title='bbox 327 2202 433 2266; x_wconf 86' lang='lat' dir='ltr'><strong>latera</strong></span> <span class='ocrx_word' id='word_1_151' title='bbox 455 2199 563 2266; x_wconf 86' lang='lat' dir='ltr'><strong>tenuis</strong></span> <span class='ocrx_word' id='word_1_152' title='bbox 592 2205 626 2266; x_wconf 87' lang='lat' dir='ltr'><strong>et</strong></span> <span class='ocrx_word' id='word_1_153' title='bbox 647 2201 760 2288; x_wconf 80' lang='lat' dir='ltr'><strong>longa,</strong></span> <span class='ocrx_word' id='word_1_154' title='bbox 787 2207 1016 2288; x_wconf 82' lang='lat' dir='ltr'><strong>praeterquam</strong></span> <span class='ocrx_word' id='word_1_155' title='bbox 1042 2202 1099 2269; x_wconf 89' lang='lat' dir='ltr'><strong>ubi</strong></span> <span class='ocrx_word' id='word_1_156' title='bbox 1120 2201 1237 2270; x_wconf 85' lang='lat' dir='ltr'><strong>Aleria</strong></span> 
     </span>
     <span class='ocr_line' id='line_1_23' title="bbox 151 2288 1238 2360; baseline 0.004 -4"><span class='ocrx_word' id='word_1_157' title='bbox 151 2293 247 2357; x_wconf 76' lang='lat' dir='ltr'><strong>isset</strong></span> <span class='ocrx_word' id='word_1_158' title='bbox 270 2289 418 2356; x_wconf 90' lang='lat' dir='ltr'><strong>Mariana</strong></span> <span class='ocrx_word' id='word_1_159' title='bbox 442 2289 590 2356; x_wconf 82' lang='lat' dir='ltr'><strong>coloniae</strong></span> <span class='ocrx_word' id='word_1_160' title='bbox 614 2293 691 2356; x_wconf 87' lang='lat' dir='ltr'><strong>sunt</strong></span> <span class='ocrx_word' id='word_1_161' title='bbox 714 2312 734 2356; x_wconf 91' lang='lat' dir='ltr'><strong>a</strong></span> <span class='ocrx_word' id='word_1_162' title='bbox 756 2291 905 2358; x_wconf 86' lang='lat' dir='ltr'><strong>barbaris</strong></span> <span class='ocrx_word' id='word_1_163' title='bbox 928 2291 1061 2357; x_wconf 84' lang='lat' dir='ltr'><strong>colitur:</strong></span> <span class='ocrx_word' id='word_1_164' title='bbox 1083 2288 1238 2360; x_wconf 81' lang='lat' dir='ltr'><strong>Sardinia</strong></span> 
     </span>
     <span class='ocr_line' id='line_1_24' title="bbox 213 2377 1238 2468; baseline 0.004 -24"><span class='ocrx_word' id='word_1_165' title='bbox 213 2377 365 2445; x_wconf 80' lang='lat' dir='ltr'><strong>Africum</strong></span> <span class='ocrx_word' id='word_1_166' title='bbox 387 2381 523 2465; x_wconf 86' lang='lat' dir='ltr'><strong>pelagus</strong></span> <span class='ocrx_word' id='word_1_167' title='bbox 552 2378 740 2466; x_wconf 82' lang='lat' dir='ltr'><strong>adtingens,</strong></span> <span class='ocrx_word' id='word_1_168' title='bbox 765 2380 830 2445; x_wconf 90' lang='lat' dir='ltr'><strong>nisi</strong></span> <span class='ocrx_word' id='word_1_169' title='bbox 859 2381 944 2465; x_wconf 85' lang='lat' dir='ltr'><strong>qaod</strong></span> <span class='ocrx_word' id='word_1_170' title='bbox 971 2381 1008 2445; x_wconf 91' lang='lat' dir='ltr'><strong>in</strong></span> <span class='ocrx_word' id='word_1_171' title='bbox 1034 2379 1238 2468; x_wconf 80' lang='lat' dir='ltr'><strong>occidentem</strong></span> 
     </span>
     <span class='ocr_line' id='line_1_25' title="bbox 215 2469 1238 2554; baseline 0.002 -20"><span class='ocrx_word' id='word_1_172' title='bbox 215 2490 314 2553; x_wconf 87' lang='lat' dir='ltr'><strong>quam</strong></span> <span class='ocrx_word' id='word_1_173' title='bbox 336 2469 371 2534; x_wconf 90' lang='lat' dir='ltr'><strong>in</strong></span> <span class='ocrx_word' id='word_1_174' title='bbox 396 2469 555 2535; x_wconf 88' lang='lat' dir='ltr'><strong>orientem</strong></span> <span class='ocrx_word' id='word_1_175' title='bbox 580 2469 752 2552; x_wconf 80' lang='lat' dir='ltr'><strong>angustius</strong></span> <span class='ocrx_word' id='word_1_176' title='bbox 776 2473 911 2554; x_wconf 87' lang='lat' dir='ltr'><strong>spectat,</strong></span> <span class='ocrx_word' id='word_1_177' title='bbox 934 2489 995 2554; x_wconf 89' lang='lat' dir='ltr'><strong>par</strong></span> <span class='ocrx_word' id='word_1_178' title='bbox 1018 2471 1051 2533; x_wconf 81' lang='lat' dir='ltr'><strong>st</strong></span> <span class='ocrx_word' id='word_1_179' title='bbox 1074 2469 1238 2553; x_wconf 87' lang='lat' dir='ltr'><strong>quadrata</strong></span> 
     </span>
     <span class='ocr_line' id='line_1_26' title="bbox 213 2556 1262 2642; baseline 0.003 -20"><span class='ocrx_word' id='word_1_180' title='bbox 213 2556 364 2642; x_wconf 88' lang='lat' dir='ltr'><strong>undique</strong></span> <span class='ocrx_word' id='word_1_181' title='bbox 383 2560 416 2622; x_wconf 89' lang='lat' dir='ltr'><strong>et</strong></span> <span class='ocrx_word' id='word_1_182' title='bbox 443 2577 604 2640; x_wconf 88' lang='lat' dir='ltr'><strong>nusquam</strong></span> <span class='ocrx_word' id='word_1_183' title='bbox 635 2577 703 2622; x_wconf 87' lang='lat' dir='ltr'><strong>non</strong></span> <span class='ocrx_word' id='word_1_184' title='bbox 733 2556 899 2641; x_wconf 88' lang='lat' dir='ltr'><strong>aliquanto</strong></span> <span class='ocrx_word' id='word_1_185' title='bbox 927 2556 1102 2640; x_wconf 85' lang='lat' dir='ltr'><strong>spatiosior</strong></span> <span class='ocrx_word' id='word_1_186' title='bbox 1133 2573 1262 2642; x_wconf 73' lang='lat' dir='ltr'><strong>quam2²</strong></span> 
     </span>
     <span class='ocr_line' id='line_1_27' title="bbox 213 2641 1237 2728; baseline 0.005 -20"><span class='ocrx_word' id='word_1_187' title='bbox 213 2644 271 2708; x_wconf 91' lang='lat' dir='ltr'><strong>ubi</strong></span> <span class='ocrx_word' id='word_1_188' title='bbox 297 2643 492 2728; x_wconf 83' lang='lat' dir='ltr'><strong>longissima</strong></span> <span class='ocrx_word' id='word_1_189' title='bbox 522 2646 571 2707; x_wconf 90' lang='lat' dir='ltr'><strong>est</strong></span> <span class='ocrx_word' id='word_1_190' title='bbox 598 2641 746 2727; x_wconf 87' lang='lat' dir='ltr'><strong>Corsica,</strong></span> <span class='ocrx_word' id='word_1_191' title='bbox 779 2648 921 2710; x_wconf 90' lang='lat' dir='ltr'><strong>ceterum</strong></span> <span class='ocrx_word' id='word_1_192' title='bbox 952 2644 1071 2710; x_wconf 86' lang='lat' dir='ltr'><strong>fertilis</strong></span> <span class='ocrx_word' id='word_1_193' title='bbox 1103 2650 1136 2710; x_wconf 90' lang='lat' dir='ltr'><strong>et</strong></span> <span class='ocrx_word' id='word_1_194' title='bbox 1170 2647 1237 2714; x_wconf 89' lang='lat' dir='ltr'><strong>soli</strong></span> 
     </span>
     <span class='ocr_line' id='line_1_28' title="bbox 213 2730 1237 2819; baseline 0.006 -24"><span class='ocrx_word' id='word_1_195' title='bbox 213 2752 312 2814; x_wconf 89' lang='lat' dir='ltr'><strong>quam</strong></span> <span class='ocrx_word' id='word_1_196' title='bbox 348 2731 431 2795; x_wconf 87' lang='lat' dir='ltr'><strong>caeli</strong></span> <span class='ocrx_word' id='word_1_197' title='bbox 469 2730 628 2813; x_wconf 88' lang='lat' dir='ltr'><strong>melioris,</strong></span> <span class='ocrx_word' id='word_1_198' title='bbox 664 2736 762 2816; x_wconf 88' lang='lat' dir='ltr'><strong>atque</strong></span> <span class='ocrx_word' id='word_1_199' title='bbox 798 2735 837 2796; x_wconf 89' lang='lat' dir='ltr'><strong>ut</strong></span> <span class='ocrx_word' id='word_1_200' title='bbox 871 2732 1009 2798; x_wconf 84' lang='lat' dir='ltr'><strong>fecunda</strong></span> <span class='ocrx_word' id='word_1_201' title='bbox 1044 2734 1092 2799; x_wconf 89' lang='lat' dir='ltr'><strong>ita</strong></span> <span class='ocrx_word' id='word_1_202' title='bbox 1127 2755 1237 2819; x_wconf 87' lang='lat' dir='ltr'><strong>paene</strong></span> 
     </span>
    </p>
   </div>
   <div class='ocr_carea' id='block_1_3' title="bbox 211 2900 1274 3608">
    <p class='ocr_par' dir='ltr' id='par_1_3' title="bbox 211 2900 1274 3608">
     <span class='ocr_line' id='line_1_29' title="bbox 285 2900 1182 2976; baseline 0.008 -18"><span class='ocrx_word' id='word_1_203' title='bbox 285 2909 311 2958; x_wconf 84' lang='lat'><strong>4.</strong></span> <span class='ocrx_word' id='word_1_204' title='bbox 330 2900 485 2974; x_wconf 84' lang='lat' dir='ltr'><strong>praecipua</strong></span> <span class='ocrx_word' id='word_1_205' title='bbox 503 2902 531 2956; x_wconf 97' lang='lat' dir='ltr'><strong><em>A</em></strong></span> <span class='ocrx_word' id='word_1_206' title='bbox 548 2901 731 2973; x_wconf 83' lang='lat' dir='ltr'><strong>praecipuam</strong></span> <span class='ocrx_word' id='word_1_207' title='bbox 750 2903 913 2962; x_wconf 70' lang='lat' dir='ltr'><strong>sacoaras</strong></span> <span class='ocrx_word' id='word_1_208' title='bbox 966 2923 1034 2976; x_wconf 83' lang='lat' dir='ltr'><strong>eryx</strong></span> <span class='ocrx_word' id='word_1_209' title='bbox 1051 2907 1092 2964; x_wconf 87' lang='lat' dir='ltr'><strong>A¹</strong></span> <span class='ocrx_word' id='word_1_210' title='bbox 1110 2923 1182 2965; x_wconf 81' lang='lat' dir='ltr'><strong>corr.</strong></span> 
     </span>
     <span class='ocr_line' id='line_1_30' title="bbox 213 2972 1239 3050; baseline 0.005 -20"><span class='ocrx_word' id='word_1_211' title='bbox 213 2981 239 3030; x_wconf 79' lang='lat'><strong>6.</strong></span> <span class='ocrx_word' id='word_1_212' title='bbox 259 2973 364 3029; x_wconf 88' lang='lat' dir='ltr'><strong>aethna</strong></span> <span class='ocrx_word' id='word_1_213' title='bbox 384 2972 425 3027; x_wconf 90' lang='lat' dir='ltr'><strong>A¹</strong></span> <span class='ocrx_word' id='word_1_214' title='bbox 444 2974 529 3028; x_wconf 86' lang='lat' dir='ltr'><strong>aetna</strong></span> <span class='ocrx_word' id='word_1_215' title='bbox 546 2973 586 3028; x_wconf 76' lang='lat' dir='ltr'><strong>A’</strong></span> <span class='ocrx_word' id='word_1_216' title='bbox 641 2982 666 3030; x_wconf 86' lang='lat'><strong>6.</strong></span> <span class='ocrx_word' id='word_1_217' title='bbox 684 2973 811 3030; x_wconf 81' lang='lat' dir='ltr'><strong>adsiduis</strong></span> <span class='ocrx_word' id='word_1_218' title='bbox 829 2975 871 3030; x_wconf 89' lang='lat' dir='ltr'><strong>A¹</strong></span> <span class='ocrx_word' id='word_1_219' title='bbox 893 2975 1014 3032; x_wconf 87' lang='lat' dir='ltr'><strong>assiduis</strong></span> <span class='ocrx_word' id='word_1_220' title='bbox 1038 2978 1080 3033; x_wconf 68' lang='lat' dir='ltr'><strong>A*</strong></span> <span class='ocrx_word' id='word_1_221' title='bbox 1132 2977 1239 3050; x_wconf 80' lang='lat' dir='ltr'><strong>flagrat</strong></span> 
     </span>
     <span class='ocr_line' id='line_1_31' title="bbox 213 3043 1163 3104; baseline 0.003 -5"><span class='ocrx_word' id='word_1_222' title='bbox 213 3044 255 3099; x_wconf 90' lang='lat' dir='ltr'><strong>A¹</strong></span> <span class='ocrx_word' id='word_1_223' title='bbox 275 3062 344 3103; x_wconf 82' lang='lat' dir='ltr'><strong>corr.</strong></span> <span class='ocrx_word' id='word_1_224' title='bbox 416 3051 441 3100; x_wconf 81' lang='grc'><strong>9.</strong></span> <span class='ocrx_word' id='word_1_225' title='bbox 462 3043 582 3098; x_wconf 86' lang='lat' dir='ltr'><strong>maxime</strong></span> <span class='ocrx_word' id='word_1_226' title='bbox 607 3044 635 3098; x_wconf 98' lang='lat' dir='ltr'><strong><em>A</em></strong></span> <span class='ocrx_word' id='word_1_227' title='bbox 657 3055 734 3101; x_wconf 83' lang='lat' dir='ltr'><strong>mare</strong></span> <span class='ocrx_word' id='word_1_228' title='bbox 753 3063 773 3102; x_wconf 81' lang='lat' dir='ltr'><strong>a</strong></span> <span class='ocrx_word' id='word_1_229' title='bbox 847 3052 887 3104; x_wconf 84' lang='lat'><strong>10.</strong></span> <span class='ocrx_word' id='word_1_230' title='bbox 908 3064 957 3104; x_wconf 87' lang='lat' dir='ltr'><strong>eae</strong></span> <span class='ocrx_word' id='word_1_231' title='bbox 980 3048 1009 3103; x_wconf 90' lang='lat' dir='ltr'><strong><em>A</em></strong></span> <span class='ocrx_word' id='word_1_232' title='bbox 1031 3053 1123 3104; x_wconf 83' lang='lat' dir='ltr'><strong>Aeaee</strong></span> <span class='ocrx_word' id='word_1_233' title='bbox 1142 3065 1163 3102; x_wconf 79' lang='lat' dir='ltr'><strong>a</strong></span> 
     </span>
     <span class='ocr_line' id='line_1_32' title="bbox 214 3113 1175 3175; baseline -0.001 -3"><span class='ocrx_word' id='word_1_234' title='bbox 214 3122 257 3175; x_wconf 87' lang='lat'><strong>11.</strong></span> <span class='ocrx_word' id='word_1_235' title='bbox 276 3115 375 3172; x_wconf 76' lang='lat' dir='ltr'><strong>caulos</strong></span> <span class='ocrx_word' id='word_1_236' title='bbox 393 3113 702 3172; x_wconf 77' lang='lat' dir='ltr'><strong>AGaulosBsrbaras</strong></span> <span class='ocrx_word' id='word_1_237' title='bbox 756 3123 798 3172; x_wconf 82' lang='lat'><strong>13.</strong></span> <span class='ocrx_word' id='word_1_238' title='bbox 818 3117 909 3173; x_wconf 87' lang='lat' dir='ltr'><strong>aeeoli</strong></span> <span class='ocrx_word' id='word_1_239' title='bbox 927 3119 955 3172; x_wconf 87' lang='lat' dir='ltr'><strong><em>A</em></strong></span> <span class='ocrx_word' id='word_1_240' title='bbox 1008 3121 1127 3174; x_wconf 83' lang='lat' dir='ltr'><strong>heracea</strong></span> <span class='ocrx_word' id='word_1_241' title='bbox 1144 3120 1175 3172; x_wconf 90' lang='lat' dir='ltr'><strong><em>A</em></strong></span> 
     </span>
     <span class='ocr_line' id='line_1_33' title="bbox 214 3185 1274 3258; baseline 0.004 -15"><span class='ocrx_word' id='word_1_242' title='bbox 214 3193 257 3246; x_wconf 77' lang='lat'><strong>1⁶.</strong></span> <span class='ocrx_word' id='word_1_243' title='bbox 285 3187 441 3258; x_wconf 76' lang='lat' dir='ltr'><strong>shoncylss</strong></span> <span class='ocrx_word' id='word_1_244' title='bbox 469 3188 499 3242; x_wconf 89' lang='lat' dir='ltr'><strong>et</strong></span> <span class='ocrx_word' id='word_1_245' title='bbox 525 3186 554 3241; x_wconf 86' lang='lat' dir='ltr'><strong><em>A</em></strong></span> <span class='ocrx_word' id='word_1_246' title='bbox 578 3185 728 3258; x_wconf 75' lang='lat' dir='ltr'><strong>Strongyle</strong></span> <span class='ocrx_word' id='word_1_247' title='bbox 757 3190 801 3242; x_wconf 90' lang='lat' dir='ltr'><strong>set</strong></span> <span class='ocrx_word' id='word_1_248' title='bbox 827 3187 928 3258; x_wconf 64' lang='lat' dir='ltr'><strong>sarpa</strong></span> <span class='ocrx_word' id='word_1_249' title='bbox 1004 3196 1046 3244; x_wconf 82' lang='lat'><strong>16.</strong></span> <span class='ocrx_word' id='word_1_250' title='bbox 1074 3201 1177 3256; x_wconf 84' lang='lat' dir='ltr'><strong>caprae</strong></span> <span class='ocrx_word' id='word_1_251' title='bbox 1210 3195 1239 3247; x_wconf 88' lang='lat' dir='ltr'><strong><em>A</em></strong></span> <span class='ocrx_word' id='word_1_252' title='bbox 1273 3235 1274 3258; x_wconf 62' lang='lat'><strong>,</strong></span> 
     </span>
     <span class='ocr_line' id='line_1_34' title="bbox 213 3255 1274 3328; baseline 0.008 -18"><span class='ocrx_word' id='word_1_253' title='bbox 213 3255 338 3328; x_wconf 83' lang='lat' dir='ltr'><strong>Capreae</strong></span> <span class='ocrx_word' id='word_1_254' title='bbox 352 3273 374 3314; x_wconf 77' lang='lat' dir='ltr'><strong>a</strong></span> <span class='ocrx_word' id='word_1_255' title='bbox 423 3257 557 3326; x_wconf 82' lang='lat' dir='ltr'><strong>coreytha</strong></span> <span class='ocrx_word' id='word_1_256' title='bbox 570 3256 598 3311; x_wconf 90' lang='lat' dir='ltr'><strong><em>A</em></strong></span> <span class='ocrx_word' id='word_1_257' title='bbox 612 3257 785 3327; x_wconf 74' lang='lat' dir='ltr'><strong>Prochyaa</strong></span> <span class='ocrx_word' id='word_1_258' title='bbox 841 3265 882 3314; x_wconf 75' lang='lat'><strong>17.</strong></span> <span class='ocrx_word' id='word_1_259' title='bbox 897 3257 1077 3328; x_wconf 79' lang='lat' dir='ltr'><strong>parmariaA</strong></span> <span class='ocrx_word' id='word_1_260' title='bbox 1091 3255 1239 3317; x_wconf 73' lang='lat' dir='ltr'><strong>Palmaria</strong></span> <span class='ocrx_word' id='word_1_261' title='bbox 1273 3283 1274 3296; x_wconf 53' lang='lat'>¹</span> 
     </span>
     <span class='ocr_line' id='line_1_35' title="bbox 214 3327 1236 3399; baseline 0.008 -17"><span class='ocrx_word' id='word_1_262' title='bbox 214 3327 366 3384; x_wconf 69' lang='lat' dir='ltr'><strong>Bradanus</strong></span> <span class='ocrx_word' id='word_1_263' title='bbox 437 3334 480 3384; x_wconf 83' lang='grc'><strong>18.</strong></span> <span class='ocrx_word' id='word_1_264' title='bbox 499 3328 593 3384; x_wconf 81' lang='lat' dir='ltr'><strong>iacent</strong></span> <span class='ocrx_word' id='word_1_265' title='bbox 606 3329 635 3383; x_wconf 87' lang='lat' dir='ltr'><strong><em>A</em></strong></span> <span class='ocrx_word' id='word_1_266' title='bbox 652 3329 897 3399; x_wconf 66' lang='lat' dir='ltr'><strong>ammentaspa·</strong></span> <span class='ocrx_word' id='word_1_267' title='bbox 968 3335 1011 3384; x_wconf 78' lang='lat'><strong>20.</strong></span> <span class='ocrx_word' id='word_1_268' title='bbox 1025 3329 1107 3384; x_wconf 80' lang='lat' dir='ltr'><strong>acrba</strong></span> <span class='ocrx_word' id='word_1_269' title='bbox 1121 3332 1236 3389; x_wconf 86' lang='lat' dir='ltr'><strong>corsica</strong></span> 
     </span>
     <span class='ocr_line' id='line_1_36' title="bbox 212 3395 1237 3523; baseline 0.007 -71"><span class='ocrx_word' id='word_1_270' title='bbox 212 3397 324 3452; x_wconf 75' lang='lat' dir='ltr'><strong>etrusco</strong></span> <span class='ocrx_word' id='word_1_271' title='bbox 333 3401 403 3478; x_wconf 42' lang='lat' dir='ltr'><strong>,post</strong></span> <span class='ocrx_word' id='word_1_272' title='bbox 417 3397 525 3454; x_wconf 78' lang='lat' dir='ltr'><strong>divisse</strong></span> <span class='ocrx_word' id='word_1_273' title='bbox 539 3399 625 3456; x_wconf 77' lang='lat' dir='ltr'><strong>deieci</strong></span> <span class='ocrx_word' id='word_1_274' title='bbox 659 3397 844 3523; x_wconf 84' lang='lat' dir='ltr'><strong>propriorA¹</strong></span> <span class='ocrx_word' id='word_1_275' title='bbox 861 3398 977 3470; x_wconf 87' lang='lat' dir='ltr'><strong>propior</strong></span> <span class='ocrx_word' id='word_1_276' title='bbox 990 3395 1030 3454; x_wconf 79' lang='lat' dir='ltr'><strong>A·</strong></span> <span class='ocrx_word' id='word_1_277' title='bbox 1071 3403 1237 3472; x_wconf 70' lang='lat' dir='ltr'><strong>ratperta</strong></span> 
     </span>
     <span class='ocr_line' id='line_1_37' title="bbox 211 3466 1236 3593; baseline 0.008 -72"><span class='ocrx_word' id='word_1_278' title='bbox 211 3466 359 3593; x_wconf 53' lang='lat' dir='ltr'><strong>Attihlena</strong></span> <span class='ocrx_word' id='word_1_279' title='bbox 377 3467 530 3591; x_wconf 45' lang='lat' dir='ltr'><strong>gustuum</strong></span> <span class='ocrx_word' id='word_1_280' title='bbox 610 3475 654 3526; x_wconf 74' lang='lat' dir='ltr'><strong>aa.</strong></span> <span class='ocrx_word' id='word_1_281' title='bbox 680 3485 711 3526; x_wconf 85' lang='lat' dir='ltr'><strong>ce</strong></span> <span class='ocrx_word' id='word_1_282' title='bbox 724 3469 804 3528; x_wconf 83' lang='lat' dir='ltr'><strong>oniae</strong></span> <span class='ocrx_word' id='word_1_283' title='bbox 832 3469 861 3524; x_wconf 85' lang='lat' dir='ltr'><strong><em>A</em></strong></span> <span class='ocrx_word' id='word_1_284' title='bbox 941 3474 986 3568; x_wconf 69' lang='lat'><strong>²³3</strong></span> <span class='ocrx_word' id='word_1_285' title='bbox 1008 3469 1158 3541; x_wconf 76' lang='lat' dir='ltr'><strong>adtingens</strong></span> <span class='ocrx_word' id='word_1_286' title='bbox 1192 3476 1236 3530; x_wconf 75' lang='grc' dir='ltr'><strong>Δι</strong></span> 
     </span>
     <span class='ocr_line' id='line_1_38' title="bbox 212 3555 358 3608; baseline -0.014 -14"><span class='ocrx_word' id='word_1_287' title='bbox 212 3555 231 3594; x_wconf 88' lang='lat' dir='ltr'><strong>a</strong></span> <span class='ocrx_word' id='word_1_288' title='bbox 269 3555 358 3608; x_wconf 78' lang='lat' dir='ltr'><strong>agens</strong></span> 
     </span>
    </p>
   </div>
   <div class='ocr_carea' id='block_1_4' title="bbox 0 0 1310 4072">
    <p class='ocr_par' dir='ltr' id='par_1_4' title="bbox 0 0 1310 4072">
     <span class='ocr_line' id='line_1_39' title="bbox 0 0 1310 4072; baseline 0 0"><span class='ocrx_word' id='word_1_289' title='bbox 0 0 1310 4072; x_wconf 95' lang='lat' dir='ltr'><strong> </strong></span> 
     </span>
    </p>
   </div>
  </div>
 </body>
</html>
