2610 4072
333 255 514 313 cHoROGR.
533 257 547 311 Ι
567 262 608 312 1s.
628 261 670 312 17.
691 259 725 310 rs
744 257 873 326 (as-or)
1065 253 1107 318 21

93 423 235 488 victores
262 420 493 488 Thebanorum
520 417 704 504 Epigonos,
732 421 766 482 et
793 413 980 502 Colophon,
1013 439 1110 502 quam

93 509 228 595 Mopsus
260 510 405 576 ciusdem
431 505 564 574 Mantus
596 507 683 572 filius
717 507 841 573 statuit
892 508 927 571 at
958 526 1112 591 promun·
1131 519 1164 569 ss

91 600 216 665 turium
244 620 309 684 quo
334 598 422 663 sinus
439 595 624 679 clauditur,
651 595 737 680 quod
761 595 865 660 altera
892 599 987 679 parte
1011 595 1112 660 alium

92 709 190 772 quem
205 685 418 773 Smyrnaeum
436 687 557 752 vocant
575 683 684 767 efficit,
702 683 914 769 angustisque
933 682 1112 748 cervicibus

64 777 221 862 sreliqna
239 775 385 840 extendit
403 774 438 838 in
455 774 566 856 latius,
585 772 655 836 abit
672 773 707 836 in
724 771 967 855 paeneinsulae
985 771 1113 837 faciem.

94 887 192 949 super
207 863 379 948 angustias
396 861 474 928 hinc
488 861 572 926 Teos
591 859 685 925 illine
699 857 922 944 Clazomenae,
940 882 1005 945 qua
1018 863 1114 946 terga

93 956 197 1038 agunt
214 951 356 1026 ¹confinio
372 949 516 1016 adnexae
535 949 629 1032 muri,
648 948 784 1013 dirersis
803 948 966 1014 frontibus
987 948 1115 1014 diversa

93 1039 200 1106 maria
228 1039 448 1123 prospectant.
489 1037 524 1101 in
546 1037 620 1121 ipsa
642 1057 746 1120 paene
769 1036 876 1101 insula
904 1040 955 1101 est
977 1035 1114 1121 Coryna.

93 1129 128 1194 in
157 1128 230 1193 sinu
255 1125 435 1210 Smyrnaeo
464 1128 514 1192 est
535 1123 678 1192 Hermus
707 1124 813 1190 amnis
840 1127 873 1188 ct
900 1124 979 1189 urbs
1002 1125 1116 1208 Leuca,

51 1239 79 1278 ιο
94 1220 189 1282 extra
211 1215 362 1281 Phocaea
384 1212 501 1279 Joniae
524 1213 650 1280 ultima.

182 1303 339 1369 Proxima
365 1303 470 1387 regio,
503 1324 541 1368 cx
569 1323 633 1386 quo
668 1302 708 1366 ab
737 1300 850 1366 Aeolis
878 1300 979 1366 incoli
1007 1301 1114 1385 coepit
1127 1278 1168 1405 19}

92 1390 205 1458 Aeolis
231 1392 333 1474 facts,
364 1395 440 1456 ante
468 1388 588 1475 Mysia,
621 1393 654 1454 et
686 1411 751 1474 qua
776 1389 1028 1474 Hellespontum
1060 1389 1113 1455 ad·

93 1481 213 1564 tingit,
251 1479 402 1544 Troianis
434 1479 679 1564 possidentibus
712 1477 814 1544 Troas
846 1478 919 1544 fuit.
956 1479 1114 1562 ,primam

93 1569 224 1634 urbium
254 1591 274 1632 a
294 1565 425 1652 Myrino
450 1567 614 1633 conditore
637 1565 800 1651 Myrinam
823 1570 956 1646 vocant,
982 1588 1114 1651 sequen·

52 1678 78 1717 ra
92 1661 160 1721 tem
174 1656 294 1740 Pelops
314 1657 442 1740 statuit,
460 1656 547 1720 victo
563 1654 729 1720 Oenomao
743 1677 891 1720 reversus
911 1677 950 1720 ex
965 1653 1114 1738 Graecia3

94 1743 220 1828 Cymen
246 1743 430 1808 nominavit
456 1743 561 1824 pulsis
591 1742 647 1826 qui
668 1742 901 1808 habitaverant
918 1742 993 1806 ,dux
1016 1741 1115 1807 Ama·

93 1853 213 1896 aunum
235 1829 348 1914 Cyme.
393 1852 492 1913 supra
516 1828 631 1896 Caicus
661 1831 746 1894 inter
769 1829 894 1896 Elaean
918 1830 1060 1895 decurrit
1082 1836 1114 1896 et

93 1917 243 2002 Pitanen,
265 1919 360 1984 illam
383 1940 466 2002 quae
490 1917 664 1984 Arcesilan
685 1918 778 2003 tulit,
801 1918 886 1984 nihil
911 1917 1114 1984 adfirmantis

93 2008 278 2073 academiae
307 2007 525 2073 clarissimum
554 2007 748 2074 antistitem.
797 2012 868 2072 tum
900 2008 935 2072 in
962 2017 1114 2091 promun·
1134 2022 1167 2072 91

51 2097 179 2160 asturio
204 2101 254 2162 est
274 2093 368 2181 Cyna
387 2097 553 2181 oppidum,
577 2097 663 2181 quod
686 2100 927 2180 praetervectos
951 2097 1041 2162 sinus
1062 2119 1113 2162 ex·

93 2185 174 2266 cipit
195 2206 262 2250 non
284 2207 403 2268 parvos
427 2185 483 2250 sed
506 2186 605 2269 longe
630 2206 667 2250 ac
695 2185 842 2250 molliter
868 2186 985 2269 flexus,
1011 2189 1113 2250 retra-

92 2271 237 2372 hensquc
268 2273 429 2372 paulatim
462 2294 535 2373 oras
569 2295 672 2358 usquc
705 2274 745 2337 ad
773 2274 851 2348 ima,
873 2274 996 2338 montis
1023 2271 1114 2340 Jdac.

93 2359 1114 2531 iissirhldmisdaCivslsendiblgilesmidpieriddricidi'caidlpiddn'lhceldc

49 2555 77 2594 as
92 2535 239 2618 nomine,
257 2532 486 2620 Adrymetion,
504 2534 671 2618 Asturam,
685 2533 844 2619 Chrysam
863 2536 982 2620 oppida
1000 2537 1113 2602 eodem

92 2645 156 2707 quo
185 2624 273 2690 diota
300 2626 378 2689 sunt
405 2623 519 2688 ordine
548 2623 731 2690 adiacentia
758 2625 933 2712 continet,
944 2625 981 2690 in
1009 2625 1112 2691 altero

163 2838 186 2890 1.
210 2833 368 2902 ephigonoa'
387 2833 416 2888 A
493 2839 517 2887 2.
547 2832 584 2887 ad
608 2834 637 2888 A
714 2839 739 2888 3.
766 2833 815 2904 qui
837 2833 865 2888 A
891 2834 967 2903 quod
992 2851 1009 2890 o
1084 2841 1110 2890 4.

93 2905 254 2987 {myrnenm
272 2921 300 2973 A
374 2927 398 2974 6.
419 2935 483 2973 ceos
501 2922 529 2974 A
548 2921 621 2976 Teos
644 2921 790 2978 Vedianas
862 2921 1065 2994 ola(aomsna>
1082 2924 1110 2976 A

90 3008 207 3074 (litteras
224 3007 256 3060 in
273 3023 329 3062 ras.
348 3006 399 3076 Μ)
464 2995 565 3081 iniquia
577 3009 605 3061 A
620 3025 676 3076 qus
690 3011 844 3065 Pintioous
917 3015 940 3064 7.
961 3009 1070 3063 adnexo
1081 3010 1110 3064 A

90 3094 217 3148 adnexae
237 3093 391 3149 Pintiooos
461 3093 532 3147 mari
549 3095 577 3148 A
595 3097 668 3149 muri
691 3096 803 3152 Vossius
874 3103 899 3151 9.
918 3091 1064 3166 Amymaeo
1082 3100 1110 3152 A

148 3164 318 3220 thermodon
336 3167 363 3220 A
382 3163 502 3218 Hermus
521 3165 672 3222 Pintioaus
744 3174 786 3223 10.
805 3167 898 3237 phoca
916 3166 1065 3223 crisioninc
1083 3170 1111 3224 A

88 3236 221 3291 Phocaea
237 3235 334 3292 Ioniae
357 3235 468 3291 Vossius
539 3233 656 3302 ultimae
674 3237 702 3292 A
721 3237 822 3291 ultima
839 3255 859 3292 n
932 3245 965 3294 17
985 3239 1066 3294 elcan
1083 3242 1110 3295 A

89 3307 197 3362 Elaean
220 3309 320 3378 scripsi
394 3313 435 3362 18.
459 3305 618 3362 archesilam
641 3308 669 3361 A
687 3307 833 3362 Arcesilan
855 3327 875 3365 a
947 3317 989 3365 21.
1008 3328 1111 3382 parvos

90 3380 130 3432 sic
147 3378 176 3432 A
231 3385 274 3434 23.
293 3377 329 3434 iis
347 3379 376 3434 A
394 3377 454 3434 iso
509 3385 551 3433 24.
570 3376 673 3434 thebae
693 3379 720 3434 A
740 3377 870 3435 Theben
925 3386 1112 3438 saansaan

89 3451 117 3502 A
138 3448 270 3502 Asturam
289 3449 417 3504 Bursian
490 3465 612 3504 crescam
630 3451 658 3504 A
684 3447 819 3520 Chrysam
842 3451 996 3509 Pintioaus
1068 3460 1110 3510 26.

90 3518 236 3574 continent
252 3521 280 3574 A
300 3519 426 3575 continet
443 3537 460 3575 o
