2610 4072
366 253 547 311 CHOROGR.
566 255 579 308 1
599 260 703 310 1e-1s
723 257 849 323 (rr-ss)
1072 254 1114 319 19

98 419 244 504 ignibus,
271 415 366 486 Sidae
393 421 492 502 portu
518 421 554 500 et
576 415 674 482 Tauri
701 417 930 500 promunturio
957 417 1114 501 grandem

98 509 204 572 sinum
227 506 358 574 claudit.
403 505 530 572 Taurus
558 505 628 589 ipse
655 505 697 570 ab
720 504 801 570 Eois
824 505 978 572 litoribus
1006 526 1114 572 exsur-
1133 519 1167 572 81

97 616 177 680 gens
214 599 305 661 vaste
342 595 422 662 satis
459 594 636 677 attollitur,
673 593 747 660 dein
783 593 897 660 dextro
934 593 1038 660 latere
1074 594 1116 660 ad

98 684 364 769 septentrionem,
386 683 521 750 sinistro
544 681 587 747 ed
609 681 779 748 meridiem
798 705 910 748 versus
933 683 961 748 it
978 683 1014 748 in
1033 683 1115 748 occi-

69 791 83 832 s
98 773 229 838 dentem
242 776 349 838 rectus
364 777 398 837 et
415 775 572 856 perpetuo
586 771 675 854 iugc,
692 790 951 856 magnarumque
967 772 1115 858 gentium

98 883 163 947 qna
185 860 320 926 dorsum
342 860 414 944 agit
435 860 605 942 terminus,
627 857 685 923 ubi
707 861 812 924 terras
836 859 966 925 diremit
991 861 1058 925 exit
1080 861 1115 925 in

98 950 245 1032 pelagus.
290 946 378 1012 idem
401 951 511 1012 autem
534 950 568 1014 et
589 949 690 1030 tobis,
712 948 749 1010 nt
772 946 877 1012 dictus
901 950 965 1032 est,
987 948 1115 1034 dicitur,

99 1037 199 1102 etiam
223 1057 287 1120 qua
306 1039 434 1120 spectat
451 1035 618 1118 orientem,
641 1033 756 1100 deinde
774 1033 960 1100 Haemodes
980 1042 1013 1102 et
1031 1035 1115 1102 Can-

99 1145 192 1190 casus
225 1128 258 1189 et
284 1123 499 1208 Propanisus,
531 1127 599 1189 tum
628 1119 766 1206 Caspiae
797 1124 913 1208 pylas,
944 1123 1115 1209 Niphates,

57 1234 82 1273 ιο
95 1213 271 1278 Armeniae
298 1213 411 1298 pylae,
442 1215 476 1278 et
501 1212 559 1277 ubi
585 1213 652 1277 iam
678 1217 792 1278 nostra
819 1212 923 1277 maria
953 1213 1115 1297 contingit

95 1302 219 1367 Taurus
247 1301 376 1367 iterum.
420 1304 497 1386 post
524 1301 592 1366 eius
623 1301 886 1384 promunturium
915 1301 1037 1366 flumen
1064 1305 1114 1366 est
1132 1315 1166 1365 sa

95 1389 231 1474 Limyra
253 1394 287 1454 et
310 1390 424 1456 eodem
444 1390 576 1456 nomine
599 1389 731 1474 civitas,
753 1392 851 1474 atque
874 1394 912 1454 nt
929 1390 1033 1454 multa
1057 1412 1114 1474 op·

95 1478 172 1562 pide
190 1479 237 1544 sic
254 1483 384 1562 praeter
401 1478 553 1544 Pataram
571 1499 639 1544 non
656 1478 817 1544 inlustria
857 1478 951 1544 illam
968 1479 1113 1544 nobilem

95 1567 174 1632 facit
187 1567 357 1633 delubrum
371 1567 536 1652 Apollinis
551 1565 716 1651 quondam
730 1567 846 1651 opibus
861 1571 894 1631 et
909 1567 1032 1632 oraculi
1049 1567 1113 1632 fide

57 1673 82 1713 1⁵
95 1654 255 1740 Delphico
266 1656 382 1722 simile.
403 1655 491 1720 ultra
500 1658 550 1720 est
558 1653 709 1718 Xanthus
718 1653 840 1720 flumen
853 1659 887 1720 et
895 1654 1046 1720 Xanthos
1056 1677 1113 1738 op·

96 1744 219 1827 pidum,
232 1764 326 1808 mons
336 1741 461 1827 Cragus
476 1746 509 1807 et
523 1764 604 1826 quae
617 1741 752 1830 Lyciam
761 1742 835 1807 finit
848 1743 927 1807 urbs
936 1742 1112 1808 Telmesos.

186 1830 284 1897 cara
312 1830 467 1914 sequitur.
510 1829 833 1896 intremiscente
862 1831 1008 1916 originis.
1054 1831 1112 1896 arn
1125 1808 1165 1934 ἒξ

96 1918 276 2004 indigenas,
295 1922 371 1985 sunt
384 1919 440 2005 qui
453 1918 621 2004 Pelasgos,
639 1918 770 2004 quidam
784 1916 899 1984 Cretas
914 1919 1112 1986 existimant.

96 2028 198 2092 genus
221 2029 323 2093 usque
347 2029 385 2074 eo
408 2008 571 2094 quondam
595 2028 759 2074 armorum
782 2028 975 2092 pugnaeque
999 2031 1111 2074 amans

54 2096 255 2162 suentana
276 2098 376 2162 etiam
395 2097 483 2164 bella
501 2095 703 2163 mercedibus
723 2101 866 2181 agerent.
903 2096 957 2162 hic
976 2097 1112 2162 castella

93 2189 169 2250 sunt
188 2185 326 2270 aliquot,
349 2186 424 2250 dein
446 2185 673 2268 promunturia
696 2184 759 2250 dno
782 2185 942 2250 Pedalion
965 2187 998 2250 et
1018 2183 1112 2269 Crya,

93 2276 126 2336 et
149 2272 323 2336 seeundum
347 2271 477 2338 Calbim
501 2295 629 2338 amnem
654 2271 784 2338 Caunus
808 2272 963 2356 oppidum
988 2273 1110 2338 valetu-

93 2359 167 2424 dine
188 2359 411 2424 habitantium
435 2361 565 2424 infame.
609 2360 685 2425 inde
709 2361 750 2424 ad
772 2359 1009 2426 Halicarnason
1031 2361 1112 2426 haec
1131 2375 1165 2424 ss

92 2446 214 2514 iacent:
236 2446 440 2513 Rhodiorum
460 2448 585 2533 aliquot
603 2447 760 2532 coloniae,
782 2452 897 2531 portus
915 2449 990 2533 duc,
1012 2446 1111 2516 Gelos

51 2554 78 2596 ss
93 2540 126 2602 et
145 2535 195 2602 cui
210 2557 249 2602 ex
267 2536 347 2602 urbe
366 2558 465 2621 quam
484 2536 692 2620 amplectitur
707 2535 919 2620 Thyssanusa
932 2557 1112 2622 cognomen

92 2629 156 2710 est,
179 2625 265 2690 inter
289 2647 343 2698 ecs
366 2625 522 2710 oppidum
544 2625 709 2690 Larumna
735 2628 768 2691 et
786 2623 936 2692 Pandion
958 2626 1053 2692 collis
1075 2627 1111 2692 in

91 2719 456 2889 titudinis
486 2713 1110 2889 tiual‘itnlthdhittt

92 2890 212 2953 disium
235 2893 294 2974 est,
317 2889 481 2956 Schoenus
505 2892 609 2957 ambit
626 2891 759 2976 Hylam,
782 2891 946 2958 Bubasius
966 2890 1109 2976 Cyrnon.

164 3103 188 3152 2.
204 3096 262 3152 eois
274 3098 313 3152 A¹
324 3113 392 3153 corr.
437 3104 461 3152 2.
472 3104 497 3152 3.
512 3114 661 3170 exsurgens
672 3100 712 3155 A¹
727 3117 863 3170 exurgens
877 3100 920 3155 A²
963 3105 986 3154 6.
1003 3099 1109 3154 dirimit

90 3169 117 3222 A
133 3167 248 3224 diremit
265 3185 286 3224 a·
345 3175 370 3224 8.
381 3168 544 3242 ssorientem
558 3172 586 3224 A
650 3175 692 3224 12.
707 3169 817 3240 lymyra
834 3172 861 3226 A
922 3177 963 3226 13.
978 3169 1109 3226 inlustria

90 3239 132 3292 A¹
155 3238 279 3295 illustria
296 3239 338 3294 A²
410 3246 452 3296 14.
477 3239 597 3294 craculis
616 3241 644 3294 A
721 3248 762 3296 16.
782 3239 894 3312 gracias
917 3243 945 3296 A
965 3239 1069 3312 Cragus
1092 3261 1108 3299 c

144 3308 298 3382 <urb)sA
355 3317 396 3367 19.
415 3311 445 3366 et
463 3311 504 3365 A¹
524 3327 556 3366 eo
570 3310 613 3367 Α*
667 3317 709 3365 21.
730 3309 1109 3380 cytriaACraBarbcrus

163 3387 204 3437 22.
224 3381 340 3452 galbian
358 3383 385 3436 A
405 3380 515 3437 Calbim
528 3383 674 3439 Burburus
746 3390 789 3438 24.
808 3332 930 3454 aliquod
940 3385 981 3441 Α1
999 3385 1110 3454 aliquot

90 3451 133 3506 A²
209 3457 251 3508 28.
273 3452 423 3508 bubaesius
448 3455 474 3510 A
499 3453 635 3512 Bubasius
662 3455 761 3524 ecqui
841 3462 884 3512 29.
907 3455 1057 3512 bubaesius
1080 3459 1108 3510 A

162 3537 266 3590 cryncn
284 3525 311 3578 A
332 3523 443 3592 Cyrnon
460 3525 587 3582 Bursian

909 3619 946 3668 2*
