<?xml version="1.0" encoding="UTF-8"?>
<!DOCTYPE html PUBLIC "-//W3C//DTD XHTML 1.0 Transitional//EN"
    "http://www.w3.org/TR/xhtml1/DTD/xhtml1-transitional.dtd">
<html xmlns="http://www.w3.org/1999/xhtml" xml:lang="en" lang="en">
 <head>
  <title>
</title>
<meta http-equiv="Content-Type" content="text/html;charset=utf-8" />
  <meta name='ocr-system' content='tesseract 3.04.00' />
  <meta name='ocr-capabilities' content='ocr_page ocr_carea ocr_par ocr_line ocrx_word'/>
</head>
<body>
  <div class='ocr_page' id='page_1' title='image "./pomponiimelaede04melagoog_0037.png"; bbox 0 0 2610 4072; ppageno 0'>
   <div class='ocr_carea' id='block_1_1' title="bbox 202 268 867 336">
    <p class='ocr_par' dir='ltr' id='par_1_1' title="bbox 202 268 867 336">
     <span class='ocr_line' id='line_1_1' title="bbox 202 268 867 336; baseline -0.023 0"><span class='ocrx_word' id='word_1_1' title='bbox 202 271 245 336; x_wconf 75' lang='lat'><strong>22</strong></span> <span class='ocrx_word' id='word_1_2' title='bbox 547 269 725 327; x_wconf 84' lang='lat' dir='ltr'><strong>POMPONII</strong></span> <span class='ocrx_word' id='word_1_3' title='bbox 743 268 867 323; x_wconf 79' lang='lat' dir='ltr'><strong>MELAE</strong></span> 
     </span>
    </p>
   </div>
   <div class='ocr_carea' id='block_1_2' title="bbox 141 432 1278 3064">
    <p class='ocr_par' dir='ltr' id='par_1_2' title="bbox 141 432 1278 3064">
     <span class='ocr_line' id='line_1_2' title="bbox 145 432 1222 516; baseline -0.003 -15"><span class='ocrx_word' id='word_1_4' title='bbox 145 451 179 501; x_wconf 74' lang='lat' dir='ltr'><strong>aa</strong></span> <span class='ocrx_word' id='word_1_5' title='bbox 198 436 303 502; x_wconf 90' lang='lat' dir='ltr'><strong>latere</strong></span> <span class='ocrx_word' id='word_1_6' title='bbox 337 435 549 500; x_wconf 74' lang='lat' dir='ltr'><strong>Antandrum.</strong></span> <span class='ocrx_word' id='word_1_7' title='bbox 601 433 722 516; x_wconf 82' lang='lat' dir='ltr'>duplex</span> <span class='ocrx_word' id='word_1_8' title='bbox 754 453 851 498; x_wconf 89' lang='lat' dir='ltr'><strong>causa</strong></span> <span class='ocrx_word' id='word_1_9' title='bbox 886 432 1029 498; x_wconf 85' lang='lat' dir='ltr'><strong>nominis</strong></span> <span class='ocrx_word' id='word_1_10' title='bbox 1064 433 1222 498; x_wconf 91' lang='lat' dir='ltr'><strong>iactatur.</strong></span> 
     </span>
     <span class='ocr_line' id='line_1_3' title="bbox 199 521 1220 607; baseline -0.004 -17"><span class='ocrx_word' id='word_1_11' title='bbox 199 525 256 590; x_wconf 89' lang='lat' dir='ltr'><strong>alii</strong></span> <span class='ocrx_word' id='word_1_12' title='bbox 274 523 452 590; x_wconf 78' lang='lat' dir='ltr'><strong>Ascanium</strong></span> <span class='ocrx_word' id='word_1_13' title='bbox 470 522 600 588; x_wconf 77' lang='lat' dir='ltr'><strong>Aeneae</strong></span> <span class='ocrx_word' id='word_1_14' title='bbox 623 521 727 586; x_wconf 90' lang='lat' dir='ltr'><strong>filium</strong></span> <span class='ocrx_word' id='word_1_15' title='bbox 750 543 823 586; x_wconf 91' lang='lat' dir='ltr'><strong>cum</strong></span> <span class='ocrx_word' id='word_1_16' title='bbox 841 521 889 586; x_wconf 92' lang='lat' dir='ltr'><strong>ibi</strong></span> <span class='ocrx_word' id='word_1_17' title='bbox 911 523 1064 607; x_wconf 76' lang='lat' dir='ltr'>regnaret</span> <span class='ocrx_word' id='word_1_18' title='bbox 1082 525 1220 604; x_wconf 89' lang='lat' dir='ltr'><strong>captum</strong></span> 
     </span>
     <span class='ocr_line' id='line_1_4' title="bbox 199 609 1219 697; baseline -0.001 -20"><span class='ocrx_word' id='word_1_19' title='bbox 199 635 219 677; x_wconf 91' lang='lat' dir='ltr'><strong>a</strong></span> <span class='ocrx_word' id='word_1_20' title='bbox 250 612 397 697; x_wconf 86' lang='lat' dir='ltr'><strong>Pelasgis</strong></span> <span class='ocrx_word' id='word_1_21' title='bbox 431 633 469 676; x_wconf 89' lang='lat' dir='ltr'><strong>ea</strong></span> <span class='ocrx_word' id='word_1_22' title='bbox 501 633 537 676; x_wconf 89' lang='lat' dir='ltr'><strong>se</strong></span> <span class='ocrx_word' id='word_1_23' title='bbox 566 609 743 676; x_wconf 78' lang='lat' dir='ltr'>redemisse</span> <span class='ocrx_word' id='word_1_24' title='bbox 775 613 1045 692; x_wconf 86' lang='lat' dir='ltr'><strong>commemorant,</strong></span> <span class='ocrx_word' id='word_1_25' title='bbox 1081 609 1140 673; x_wconf 91' lang='lat' dir='ltr'><strong>alii</strong></span> <span class='ocrx_word' id='word_1_26' title='bbox 1174 611 1219 676; x_wconf 90' lang='lat' dir='ltr'><strong>ab</strong></span> 
     </span>
     <span class='ocr_line' id='line_1_5' title="bbox 197 698 1219 784; baseline 0 -20"><span class='ocrx_word' id='word_1_27' title='bbox 197 701 250 765; x_wconf 89' lang='lat' dir='ltr'><strong>his</strong></span> <span class='ocrx_word' id='word_1_28' title='bbox 282 703 400 784; x_wconf 88' lang='lat' dir='ltr'><strong>putant</strong></span> <span class='ocrx_word' id='word_1_29' title='bbox 432 700 596 765; x_wconf 89' lang='lat' dir='ltr'><strong>conditam</strong></span> <span class='ocrx_word' id='word_1_30' title='bbox 630 719 710 783; x_wconf 87' lang='lat' dir='ltr'><strong>quos</strong></span> <span class='ocrx_word' id='word_1_31' title='bbox 744 720 782 762; x_wconf 80' lang='lat' dir='ltr'><strong>ex</strong></span> <span class='ocrx_word' id='word_1_32' title='bbox 814 698 926 763; x_wconf 81' lang='lat' dir='ltr'><strong>Andro</strong></span> <span class='ocrx_word' id='word_1_33' title='bbox 958 698 1066 762; x_wconf 88' lang='lat' dir='ltr'><strong>insula</strong></span> <span class='ocrx_word' id='word_1_34' title='bbox 1097 699 1148 763; x_wconf 84' lang='lat' dir='ltr'><strong>vis</strong></span> <span class='ocrx_word' id='word_1_35' title='bbox 1183 704 1219 764; x_wconf 92' lang='lat' dir='ltr'><strong>et</strong></span> 
     </span>
     <span class='ocr_line' id='line_1_6' title="bbox 198 785 1262 873; baseline -0.007 -21"><span class='ocrx_word' id='word_1_36' title='bbox 198 788 316 854; x_wconf 88' lang='lat' dir='ltr'><strong>seditio</strong></span> <span class='ocrx_word' id='word_1_37' title='bbox 349 791 509 873; x_wconf 82' lang='lat' dir='ltr'><strong>exegerat.</strong></span> <span class='ocrx_word' id='word_1_38' title='bbox 563 789 599 853; x_wconf 95' lang='lat' dir='ltr'><strong>hi</strong></span> <span class='ocrx_word' id='word_1_39' title='bbox 630 786 837 852; x_wconf 74' lang='lat' dir='ltr'><strong>Antandrum</strong></span> <span class='ocrx_word' id='word_1_40' title='bbox 871 787 964 870; x_wconf 89' lang='lat' dir='ltr'><strong>quasi</strong></span> <span class='ocrx_word' id='word_1_41' title='bbox 999 807 1059 870; x_wconf 93' lang='lat' dir='ltr'><strong>pro</strong></span> <span class='ocrx_word' id='word_1_42' title='bbox 1091 785 1220 871; x_wconf 87' lang='lat' dir='ltr'><strong>Andro,</strong></span> <span class='ocrx_word' id='word_1_43' title='bbox 1250 805 1262 845; x_wconf 82' lang='lat' dir='ltr'><strong>e</strong></span> 
     </span>
     <span class='ocr_line' id='line_1_7' title="bbox 144 875 1220 962; baseline 0.001 -21"><span class='ocrx_word' id='word_1_44' title='bbox 144 876 249 942; x_wconf 75' lang='lat' dir='ltr'><strong>suilli</strong></span> <span class='ocrx_word' id='word_1_45' title='bbox 287 878 380 962; x_wconf 90' lang='lat' dir='ltr'><strong>quasi</strong></span> <span class='ocrx_word' id='word_1_46' title='bbox 411 899 471 961; x_wconf 88' lang='lat' dir='ltr'><strong>pro</strong></span> <span class='ocrx_word' id='word_1_47' title='bbox 503 877 573 943; x_wconf 82' lang='lat' dir='ltr'><strong>viro</strong></span> <span class='ocrx_word' id='word_1_48' title='bbox 607 876 709 962; x_wconf 89' lang='lat' dir='ltr'><strong>accipi</strong></span> <span class='ocrx_word' id='word_1_49' title='bbox 743 875 868 941; x_wconf 83' lang='lat' dir='ltr'><strong>volunt.</strong></span> <span class='ocrx_word' id='word_1_50' title='bbox 918 895 1053 960; x_wconf 88' lang='lat' dir='ltr'><strong>sequens</strong></span> <span class='ocrx_word' id='word_1_51' title='bbox 1088 878 1220 942; x_wconf 86' lang='lat' dir='ltr'><strong>tractus</strong></span> 
     </span>
     <span class='ocr_line' id='line_1_8' title="bbox 196 963 1220 1051; baseline 0 -21"><span class='ocrx_word' id='word_1_52' title='bbox 196 965 306 1050; x_wconf 84' lang='lat' dir='ltr'><strong>tangit</strong></span> <span class='ocrx_word' id='word_1_53' title='bbox 338 965 486 1051; x_wconf 77' lang='lat' dir='ltr'><strong>Gargara</strong></span> <span class='ocrx_word' id='word_1_54' title='bbox 518 970 551 1031; x_wconf 95' lang='lat' dir='ltr'><strong>et</strong></span> <span class='ocrx_word' id='word_1_55' title='bbox 583 964 693 1031; x_wconf 84' lang='lat' dir='ltr'><strong>Asson</strong></span> <span class='ocrx_word' id='word_1_56' title='bbox 724 964 901 1030; x_wconf 89' lang='lat' dir='ltr'><strong>Aeolorum</strong></span> <span class='ocrx_word' id='word_1_57' title='bbox 937 963 1112 1028; x_wconf 81' lang='lat' dir='ltr'><strong>colonias·</strong></span> <span class='ocrx_word' id='word_1_58' title='bbox 1143 967 1220 1030; x_wconf 89' lang='lat' dir='ltr'><strong>tum</strong></span> 
     </span>
     <span class='ocr_line' id='line_1_9' title="bbox 197 1051 1220 1136; baseline -0.001 -18"><span class='ocrx_word' id='word_1_59' title='bbox 197 1053 287 1118; x_wconf 88' lang='lat' dir='ltr'><strong>sinus</strong></span> <span class='ocrx_word' id='word_1_60' title='bbox 315 1055 400 1120; x_wconf 89' lang='lat' dir='ltr'><strong>alter</strong></span> <span class='ocrx_word' id='word_1_61' title='bbox 426 1054 583 1120; x_wconf 89' lang='lat' dir='ltr'><strong>Achaeon</strong></span> <span class='ocrx_word' id='word_1_62' title='bbox 610 1055 710 1118; x_wconf 90' lang='lat' dir='ltr'><strong>limen</strong></span> <span class='ocrx_word' id='word_1_63' title='bbox 736 1075 803 1120; x_wconf 90' lang='lat' dir='ltr'><strong>non</strong></span> <span class='ocrx_word' id='word_1_64' title='bbox 829 1053 927 1136; x_wconf 86' lang='lat' dir='ltr'><strong>longe</strong></span> <span class='ocrx_word' id='word_1_65' title='bbox 956 1052 997 1117; x_wconf 90' lang='lat' dir='ltr'><strong>ab</strong></span> <span class='ocrx_word' id='word_1_66' title='bbox 1024 1051 1086 1117; x_wconf 93' lang='lat' dir='ltr'><strong>Ilio</strong></span> <span class='ocrx_word' id='word_1_67' title='bbox 1115 1052 1220 1118; x_wconf 87' lang='lat' dir='ltr'><strong>litora</strong></span> 
     </span>
     <span class='ocr_line' id='line_1_10' title="bbox 197 1138 1219 1228; baseline -0.001 -22"><span class='ocrx_word' id='word_1_68' title='bbox 197 1143 356 1228; x_wconf 84' lang='lat' dir='ltr'><strong>incurvat,</strong></span> <span class='ocrx_word' id='word_1_69' title='bbox 375 1144 454 1208; x_wconf 90' lang='lat' dir='ltr'><strong>urbe</strong></span> <span class='ocrx_word' id='word_1_70' title='bbox 472 1143 561 1208; x_wconf 94' lang='lat' dir='ltr'><strong>bello</strong></span> <span class='ocrx_word' id='word_1_71' title='bbox 581 1141 767 1224; x_wconf 87' lang='lat' dir='ltr'><strong>excidioque</strong></span> <span class='ocrx_word' id='word_1_72' title='bbox 786 1141 975 1205; x_wconf 87' lang='lat' dir='ltr'><strong>clarissima.</strong></span> <span class='ocrx_word' id='word_1_73' title='bbox 1012 1140 1065 1204; x_wconf 90' lang='lat' dir='ltr'><strong>hic</strong></span> <span class='ocrx_word' id='word_1_74' title='bbox 1080 1138 1219 1226; x_wconf 81' lang='lat' dir='ltr'>Sigeum</span> 
     </span>
     <span class='ocr_line' id='line_1_11' title="bbox 195 1227 1257 1316; baseline -0.002 -20"><span class='ocrx_word' id='word_1_75' title='bbox 195 1231 259 1296; x_wconf 84' lang='lat' dir='ltr'><strong>fuit</strong></span> <span class='ocrx_word' id='word_1_76' title='bbox 286 1231 454 1316; x_wconf 91' lang='lat' dir='ltr'><strong>oppidum,</strong></span> <span class='ocrx_word' id='word_1_77' title='bbox 480 1229 534 1294; x_wconf 89' lang='lat' dir='ltr'><strong>hic</strong></span> <span class='ocrx_word' id='word_1_78' title='bbox 561 1229 762 1293; x_wconf 83' lang='lat' dir='ltr'><strong>Achivorum</strong></span> <span class='ocrx_word' id='word_1_79' title='bbox 790 1228 855 1293; x_wconf 84' lang='lat' dir='ltr'><strong>fuit</strong></span> <span class='ocrx_word' id='word_1_80' title='bbox 881 1227 1074 1293; x_wconf 76' lang='lat' dir='ltr'><strong>bellantium</strong></span> <span class='ocrx_word' id='word_1_81' title='bbox 1103 1229 1217 1296; x_wconf 89' lang='lat' dir='ltr'><strong>statio.</strong></span> <span class='ocrx_word' id='word_1_82' title='bbox 1236 1249 1257 1286; x_wconf 78' lang='grc' dir='ltr'><strong>ιι</strong></span> 
     </span>
     <span class='ocr_line' id='line_1_12' title="bbox 195 1313 1218 1384; baseline -0.001 0"><span class='ocrx_word' id='word_1_83' title='bbox 195 1319 259 1384; x_wconf 91' lang='lat' dir='ltr'><strong>huc</strong></span> <span class='ocrx_word' id='word_1_84' title='bbox 296 1321 337 1383; x_wconf 90' lang='lat' dir='ltr'><strong>ab</strong></span> <span class='ocrx_word' id='word_1_85' title='bbox 374 1318 470 1383; x_wconf 91' lang='lat' dir='ltr'><strong>Idaeo</strong></span> <span class='ocrx_word' id='word_1_86' title='bbox 504 1319 615 1381; x_wconf 87' lang='lat' dir='ltr'><strong>monte</strong></span> <span class='ocrx_word' id='word_1_87' title='bbox 651 1316 809 1380; x_wconf 90' lang='lat' dir='ltr'><strong>demissus</strong></span> <span class='ocrx_word' id='word_1_88' title='bbox 844 1313 1039 1380; x_wconf 78' lang='lat' dir='ltr'><strong>Scamander</strong></span> <span class='ocrx_word' id='word_1_89' title='bbox 1076 1317 1143 1382; x_wconf 82' lang='lat' dir='ltr'><strong>exit</strong></span> <span class='ocrx_word' id='word_1_90' title='bbox 1181 1324 1218 1384; x_wconf 87' lang='lat' dir='ltr'><strong>et</strong></span> 
     </span>
     <span class='ocr_line' id='line_1_13' title="bbox 143 1405 1217 1489; baseline 0 -18"><span class='ocrx_word' id='word_1_91' title='bbox 143 1421 178 1472; x_wconf 74' lang='lat'><strong>94</strong></span> <span class='ocrx_word' id='word_1_92' title='bbox 198 1405 333 1489; x_wconf 85' lang='lat' dir='ltr'><strong>Simois,</strong></span> <span class='ocrx_word' id='word_1_93' title='bbox 368 1407 458 1470; x_wconf 79' lang='lat' dir='ltr'><strong>fama</strong></span> <span class='ocrx_word' id='word_1_94' title='bbox 494 1427 592 1489; x_wconf 89' lang='lat' dir='ltr'><strong>quam</strong></span> <span class='ocrx_word' id='word_1_95' title='bbox 629 1407 748 1468; x_wconf 90' lang='lat' dir='ltr'><strong>natura</strong></span> <span class='ocrx_word' id='word_1_96' title='bbox 784 1405 908 1470; x_wconf 87' lang='lat' dir='ltr'><strong>maiora</strong></span> <span class='ocrx_word' id='word_1_97' title='bbox 944 1405 1088 1469; x_wconf 89' lang='lat' dir='ltr'><strong>flumina.</strong></span> <span class='ocrx_word' id='word_1_98' title='bbox 1142 1406 1217 1489; x_wconf 91' lang='lat' dir='ltr'><strong>ipse</strong></span> 
     </span>
     <span class='ocr_line' id='line_1_14' title="bbox 195 1492 1216 1572; baseline 0.002 -14"><span class='ocrx_word' id='word_1_99' title='bbox 195 1515 305 1572; x_wconf 89' lang='lat' dir='ltr'><strong>mons,</strong></span> <span class='ocrx_word' id='word_1_100' title='bbox 342 1497 451 1558; x_wconf 86' lang='lat' dir='ltr'><strong>vetere</strong></span> <span class='ocrx_word' id='word_1_101' title='bbox 484 1493 631 1557; x_wconf 83' lang='lat' dir='ltr'><strong>divarum</strong></span> <span class='ocrx_word' id='word_1_102' title='bbox 664 1492 838 1558; x_wconf 75' lang='lat' dir='ltr'><strong>certamine</strong></span> <span class='ocrx_word' id='word_1_103' title='bbox 871 1496 903 1558; x_wconf 92' lang='lat' dir='ltr'><strong>et</strong></span> <span class='ocrx_word' id='word_1_104' title='bbox 934 1493 1053 1558; x_wconf 88' lang='lat' dir='ltr'><strong>iudicio</strong></span> <span class='ocrx_word' id='word_1_105' title='bbox 1085 1493 1216 1560; x_wconf 88' lang='lat' dir='ltr'><strong>Paridis</strong></span> 
     </span>
     <span class='ocr_line' id='line_1_15' title="bbox 195 1581 1214 1666; baseline 0.002 -19"><span class='ocrx_word' id='word_1_106' title='bbox 195 1584 404 1663; x_wconf 85' lang='lat' dir='ltr'><strong>memoratus,</strong></span> <span class='ocrx_word' id='word_1_107' title='bbox 428 1581 587 1646; x_wconf 85' lang='lat' dir='ltr'><strong>orientem</strong></span> <span class='ocrx_word' id='word_1_108' title='bbox 607 1581 709 1646; x_wconf 90' lang='lat' dir='ltr'><strong>solem</strong></span> <span class='ocrx_word' id='word_1_109' title='bbox 729 1581 825 1646; x_wconf 89' lang='lat' dir='ltr'><strong>aliter</strong></span> <span class='ocrx_word' id='word_1_110' title='bbox 848 1603 946 1666; x_wconf 90' lang='lat' dir='ltr'><strong>quam</strong></span> <span class='ocrx_word' id='word_1_111' title='bbox 964 1582 999 1646; x_wconf 90' lang='lat' dir='ltr'><strong>in</strong></span> <span class='ocrx_word' id='word_1_112' title='bbox 1022 1582 1095 1646; x_wconf 89' lang='lat' dir='ltr'><strong>aliis</strong></span> <span class='ocrx_word' id='word_1_113' title='bbox 1113 1585 1214 1649; x_wconf 88' lang='lat' dir='ltr'><strong>terris</strong></span> 
     </span>
     <span class='ocr_line' id='line_1_16' title="bbox 197 1669 1254 1754; baseline 0 -18"><span class='ocrx_word' id='word_1_114' title='bbox 197 1669 280 1736; x_wconf 87' lang='lat' dir='ltr'><strong>solet</strong></span> <span class='ocrx_word' id='word_1_115' title='bbox 303 1669 405 1754; x_wconf 81' lang='lat' dir='ltr'><strong>aspici</strong></span> <span class='ocrx_word' id='word_1_116' title='bbox 429 1672 583 1735; x_wconf 90' lang='lat' dir='ltr'><strong>ostentat.</strong></span> <span class='ocrx_word' id='word_1_117' title='bbox 628 1691 768 1754; x_wconf 87' lang='lat' dir='ltr'><strong>namque</strong></span> <span class='ocrx_word' id='word_1_118' title='bbox 791 1692 830 1735; x_wconf 87' lang='lat' dir='ltr'><strong>ex</strong></span> <span class='ocrx_word' id='word_1_119' title='bbox 853 1691 980 1736; x_wconf 90' lang='lat' dir='ltr'><strong>summo</strong></span> <span class='ocrx_word' id='word_1_120' title='bbox 1002 1671 1122 1737; x_wconf 83' lang='lat' dir='ltr'><strong>vertice</strong></span> <span class='ocrx_word' id='word_1_121' title='bbox 1142 1671 1211 1737; x_wconf 90' lang='lat' dir='ltr'><strong>eius</strong></span> <span class='ocrx_word' id='word_1_122' title='bbox 1229 1688 1254 1727; x_wconf 85' lang='lat'><strong>1⁵</strong></span> 
     </span>
     <span class='ocr_line' id='line_1_17' title="bbox 196 1758 1214 1845; baseline 0.001 -21"><span class='ocrx_word' id='word_1_123' title='bbox 196 1758 438 1844; x_wconf 83' lang='lat' dir='ltr'><strong>speculantibus</strong></span> <span class='ocrx_word' id='word_1_124' title='bbox 456 1779 559 1842; x_wconf 91' lang='lat' dir='ltr'><strong>paene</strong></span> <span class='ocrx_word' id='word_1_125' title='bbox 578 1781 598 1824; x_wconf 90' lang='lat' dir='ltr'><strong>a</strong></span> <span class='ocrx_word' id='word_1_126' title='bbox 616 1758 724 1824; x_wconf 90' lang='lat' dir='ltr'><strong>media</strong></span> <span class='ocrx_word' id='word_1_127' title='bbox 740 1762 836 1824; x_wconf 90' lang='lat' dir='ltr'><strong>nocte</strong></span> <span class='ocrx_word' id='word_1_128' title='bbox 855 1759 961 1842; x_wconf 89' lang='lat' dir='ltr'><strong>sparsi</strong></span> <span class='ocrx_word' id='word_1_129' title='bbox 978 1759 1071 1843; x_wconf 86' lang='lat' dir='ltr'><strong>ignes</strong></span> <span class='ocrx_word' id='word_1_130' title='bbox 1089 1761 1214 1845; x_wconf 86' lang='lat' dir='ltr'><strong>passim</strong></span> 
     </span>
     <span class='ocr_line' id='line_1_18' title="bbox 195 1847 1212 1932; baseline 0.001 -19"><span class='ocrx_word' id='word_1_131' title='bbox 195 1848 329 1931; x_wconf 85' lang='lat' dir='ltr'><strong>micare,</strong></span> <span class='ocrx_word' id='word_1_132' title='bbox 357 1850 390 1912; x_wconf 92' lang='lat' dir='ltr'><strong>et</strong></span> <span class='ocrx_word' id='word_1_133' title='bbox 416 1849 453 1912; x_wconf 86' lang='lat' dir='ltr'><strong>ut</strong></span> <span class='ocrx_word' id='word_1_134' title='bbox 480 1848 537 1913; x_wconf 87' lang='lat' dir='ltr'><strong>lux</strong></span> <span class='ocrx_word' id='word_1_135' title='bbox 565 1847 806 1932; x_wconf 87' lang='lat' dir='ltr'><strong>adpropinquat</strong></span> <span class='ocrx_word' id='word_1_136' title='bbox 828 1848 877 1913; x_wconf 88' lang='lat' dir='ltr'><strong>ita</strong></span> <span class='ocrx_word' id='word_1_137' title='bbox 904 1848 991 1912; x_wconf 88' lang='lat' dir='ltr'><strong>coire</strong></span> <span class='ocrx_word' id='word_1_138' title='bbox 1020 1869 1056 1913; x_wconf 91' lang='lat' dir='ltr'><strong>ac</strong></span> <span class='ocrx_word' id='word_1_139' title='bbox 1080 1869 1114 1912; x_wconf 91' lang='lat' dir='ltr'><strong>se</strong></span> <span class='ocrx_word' id='word_1_140' title='bbox 1138 1859 1212 1914; x_wconf 90' lang='lat' dir='ltr'><strong>con·</strong></span> 
     </span>
     <span class='ocr_line' id='line_1_19' title="bbox 195 1934 1213 2022; baseline 0.003 -23"><span class='ocrx_word' id='word_1_141' title='bbox 195 1937 329 2020; x_wconf 82' lang='lat' dir='ltr'><strong>iungere</strong></span> <span class='ocrx_word' id='word_1_142' title='bbox 352 1935 515 2018; x_wconf 84' lang='lat' dir='ltr'><strong>videntur,</strong></span> <span class='ocrx_word' id='word_1_143' title='bbox 538 1934 639 2000; x_wconf 90' lang='lat' dir='ltr'><strong>donec</strong></span> <span class='ocrx_word' id='word_1_144' title='bbox 662 1937 768 2021; x_wconf 83' lang='lat' dir='ltr'><strong>magis</strong></span> <span class='ocrx_word' id='word_1_145' title='bbox 792 1936 961 2020; x_wconf 82' lang='lat' dir='ltr'><strong>magisque</strong></span> <span class='ocrx_word' id='word_1_146' title='bbox 984 1937 1112 2002; x_wconf 90' lang='lat' dir='ltr'><strong>collecti</strong></span> <span class='ocrx_word' id='word_1_147' title='bbox 1136 1957 1213 2022; x_wconf 89' lang='lat' dir='ltr'><strong>pau·</strong></span> 
     </span>
     <span class='ocr_line' id='line_1_20' title="bbox 196 2023 1213 2108; baseline 0.002 -20"><span class='ocrx_word' id='word_1_148' title='bbox 196 2024 299 2088; x_wconf 88' lang='lat' dir='ltr'><strong>ciores</strong></span> <span class='ocrx_word' id='word_1_149' title='bbox 324 2023 459 2089; x_wconf 89' lang='lat' dir='ltr'><strong>subinde</strong></span> <span class='ocrx_word' id='word_1_150' title='bbox 483 2027 516 2088; x_wconf 90' lang='lat' dir='ltr'><strong>et</strong></span> <span class='ocrx_word' id='word_1_151' title='bbox 539 2045 604 2088; x_wconf 90' lang='lat' dir='ltr'><strong>una</strong></span> <span class='ocrx_word' id='word_1_152' title='bbox 627 2023 667 2088; x_wconf 92' lang='lat' dir='ltr'><strong>ad</strong></span> <span class='ocrx_word' id='word_1_153' title='bbox 689 2027 890 2108; x_wconf 85' lang='lat' dir='ltr'><strong>postremum</strong></span> <span class='ocrx_word' id='word_1_154' title='bbox 914 2024 1046 2090; x_wconf 89' lang='lat' dir='ltr'><strong>flamma</strong></span> <span class='ocrx_word' id='word_1_155' title='bbox 1069 2025 1213 2090; x_wconf 88' lang='lat' dir='ltr'><strong>ardeant.</strong></span> 
     </span>
     <span class='ocr_line' id='line_1_21' title="bbox 141 2112 1255 2196; baseline 0.002 -20"><span class='ocrx_word' id='word_1_156' title='bbox 141 2126 175 2176; x_wconf 80' lang='lat' dir='ltr'><strong>eo</strong></span> <span class='ocrx_word' id='word_1_157' title='bbox 195 2134 233 2177; x_wconf 91' lang='lat' dir='ltr'><strong>ea</strong></span> <span class='ocrx_word' id='word_1_158' title='bbox 260 2133 334 2177; x_wconf 88' lang='lat' dir='ltr'><strong>cum</strong></span> <span class='ocrx_word' id='word_1_159' title='bbox 362 2112 417 2178; x_wconf 90' lang='lat' dir='ltr'><strong>diu</strong></span> <span class='ocrx_word' id='word_1_160' title='bbox 444 2113 533 2177; x_wconf 92' lang='lat' dir='ltr'><strong>clara</strong></span> <span class='ocrx_word' id='word_1_161' title='bbox 565 2116 598 2177; x_wconf 93' lang='lat' dir='ltr'><strong>et</strong></span> <span class='ocrx_word' id='word_1_162' title='bbox 625 2112 775 2177; x_wconf 91' lang='lat' dir='ltr'><strong>incendio</strong></span> <span class='ocrx_word' id='word_1_163' title='bbox 804 2112 921 2177; x_wconf 90' lang='lat' dir='ltr'><strong>similis</strong></span> <span class='ocrx_word' id='word_1_164' title='bbox 954 2113 1088 2196; x_wconf 84' lang='lat' dir='ltr'><strong>effulsit,</strong></span> <span class='ocrx_word' id='word_1_165' title='bbox 1119 2114 1213 2196; x_wconf 85' lang='lat' dir='ltr'><strong>cogit</strong></span> <span class='ocrx_word' id='word_1_166' title='bbox 1227 2127 1255 2168; x_wconf 79' lang='lat'><strong>²⁰</strong></span> 
     </span>
     <span class='ocr_line' id='line_1_22' title="bbox 195 2200 1213 2285; baseline 0 -19"><span class='ocrx_word' id='word_1_167' title='bbox 195 2223 229 2266; x_wconf 91' lang='lat' dir='ltr'><strong>se</strong></span> <span class='ocrx_word' id='word_1_168' title='bbox 258 2221 295 2265; x_wconf 90' lang='lat' dir='ltr'><strong>ac</strong></span> <span class='ocrx_word' id='word_1_169' title='bbox 322 2200 476 2266; x_wconf 90' lang='lat' dir='ltr'><strong>rotundat</strong></span> <span class='ocrx_word' id='word_1_170' title='bbox 504 2203 537 2265; x_wconf 88' lang='lat' dir='ltr'><strong>et</strong></span> <span class='ocrx_word' id='word_1_171' title='bbox 563 2201 602 2265; x_wconf 89' lang='lat' dir='ltr'><strong>fit</strong></span> <span class='ocrx_word' id='word_1_172' title='bbox 629 2202 744 2284; x_wconf 85' lang='lat' dir='ltr'><strong>ingens</strong></span> <span class='ocrx_word' id='word_1_173' title='bbox 772 2200 898 2284; x_wconf 82' lang='lat' dir='ltr'><strong>globus.</strong></span> <span class='ocrx_word' id='word_1_174' title='bbox 945 2201 1001 2266; x_wconf 90' lang='lat' dir='ltr'><strong>diu</strong></span> <span class='ocrx_word' id='word_1_175' title='bbox 1028 2201 1056 2266; x_wconf 87' lang='lat' dir='ltr'><strong>is</strong></span> <span class='ocrx_word' id='word_1_176' title='bbox 1084 2221 1213 2285; x_wconf 86' lang='lat' dir='ltr'><strong>quoque</strong></span> 
     </span>
     <span class='ocr_line' id='line_1_23' title="bbox 195 2288 1215 2374; baseline 0 -20"><span class='ocrx_word' id='word_1_177' title='bbox 195 2289 327 2374; x_wconf 81' lang='lat' dir='ltr'><strong>grandis</strong></span> <span class='ocrx_word' id='word_1_178' title='bbox 365 2293 398 2354; x_wconf 92' lang='lat' dir='ltr'><strong>et</strong></span> <span class='ocrx_word' id='word_1_179' title='bbox 434 2289 530 2355; x_wconf 92' lang='lat' dir='ltr'><strong>terris</strong></span> <span class='ocrx_word' id='word_1_180' title='bbox 568 2289 711 2355; x_wconf 72' lang='lat' dir='ltr'><strong>adnexus</strong></span> <span class='ocrx_word' id='word_1_181' title='bbox 748 2288 901 2374; x_wconf 84' lang='lat' dir='ltr'><strong>adparet,</strong></span> <span class='ocrx_word' id='word_1_182' title='bbox 942 2289 1016 2356; x_wconf 89' lang='lat' dir='ltr'><strong>dein</strong></span> <span class='ocrx_word' id='word_1_183' title='bbox 1052 2289 1215 2373; x_wconf 89' lang='lat' dir='ltr'><strong>paulatim</strong></span> 
     </span>
     <span class='ocr_line' id='line_1_24' title="bbox 194 2377 1214 2463; baseline -0.001 -20"><span class='ocrx_word' id='word_1_184' title='bbox 194 2378 380 2444; x_wconf 86' lang='lat' dir='ltr'><strong>decrescens</strong></span> <span class='ocrx_word' id='word_1_185' title='bbox 411 2381 444 2444; x_wconf 86' lang='lat' dir='ltr'><strong>et</strong></span> <span class='ocrx_word' id='word_1_186' title='bbox 471 2380 592 2463; x_wconf 89' lang='lat' dir='ltr'><strong>quanto</strong></span> <span class='ocrx_word' id='word_1_187' title='bbox 622 2377 778 2444; x_wconf 83' lang='lat' dir='ltr'><strong>decrescit</strong></span> <span class='ocrx_word' id='word_1_188' title='bbox 804 2399 843 2443; x_wconf 93' lang='lat' dir='ltr'><strong>eo</strong></span> <span class='ocrx_word' id='word_1_189' title='bbox 877 2377 997 2443; x_wconf 89' lang='lat' dir='ltr'><strong>clarior</strong></span> <span class='ocrx_word' id='word_1_190' title='bbox 1028 2377 1123 2463; x_wconf 77' lang='lat' dir='ltr'><strong>fugat</strong></span> <span class='ocrx_word' id='word_1_191' title='bbox 1154 2399 1214 2443; x_wconf 93' lang='lat' dir='ltr'><strong>no-</strong></span> 
     </span>
     <span class='ocr_line' id='line_1_25' title="bbox 193 2466 1214 2552; baseline 0 -20"><span class='ocrx_word' id='word_1_192' title='bbox 193 2466 326 2532; x_wconf 79' lang='lat' dir='ltr'><strong>uissime</strong></span> <span class='ocrx_word' id='word_1_193' title='bbox 350 2472 494 2552; x_wconf 85' lang='lat' dir='ltr'><strong>noctem,</strong></span> <span class='ocrx_word' id='word_1_194' title='bbox 517 2471 647 2532; x_wconf 88' lang='lat' dir='ltr'><strong>etcum</strong></span> <span class='ocrx_word' id='word_1_195' title='bbox 671 2467 722 2532; x_wconf 89' lang='lat' dir='ltr'><strong>die</strong></span> <span class='ocrx_word' id='word_1_196' title='bbox 745 2467 812 2532; x_wconf 92' lang='lat' dir='ltr'><strong>iam</strong></span> <span class='ocrx_word' id='word_1_197' title='bbox 836 2467 884 2531; x_wconf 91' lang='lat' dir='ltr'><strong>sol</strong></span> <span class='ocrx_word' id='word_1_198' title='bbox 908 2466 1014 2532; x_wconf 86' lang='lat' dir='ltr'><strong>factus</strong></span> <span class='ocrx_word' id='word_1_199' title='bbox 1039 2466 1214 2532; x_wconf 83' lang='lat' dir='ltr'><strong>attollitur.</strong></span> 
     </span>
     <span class='ocr_line' id='line_1_26' title="bbox 141 2553 1254 2638; baseline 0.002 -20"><span class='ocrx_word' id='word_1_200' title='bbox 141 2569 175 2619; x_wconf 77' lang='lat' dir='ltr'><strong>aa</strong></span> <span class='ocrx_word' id='word_1_201' title='bbox 195 2559 286 2621; x_wconf 84' lang='lat' dir='ltr'><strong>extra</strong></span> <span class='ocrx_word' id='word_1_202' title='bbox 306 2556 414 2620; x_wconf 90' lang='lat' dir='ltr'><strong>sinum</strong></span> <span class='ocrx_word' id='word_1_203' title='bbox 433 2559 509 2622; x_wconf 88' lang='lat' dir='ltr'><strong>sunt</strong></span> <span class='ocrx_word' id='word_1_204' title='bbox 527 2553 674 2620; x_wconf 84' lang='lat' dir='ltr'><strong>Rhoetea</strong></span> <span class='ocrx_word' id='word_1_205' title='bbox 692 2555 799 2638; x_wconf 83' lang='lat' dir='ltr'><strong>litora,</strong></span> <span class='ocrx_word' id='word_1_206' title='bbox 821 2553 968 2619; x_wconf 89' lang='lat' dir='ltr'><strong>Rhoeteo</strong></span> <span class='ocrx_word' id='word_1_207' title='bbox 993 2559 1028 2620; x_wconf 91' lang='lat' dir='ltr'><strong>et</strong></span> <span class='ocrx_word' id='word_1_208' title='bbox 1043 2554 1212 2620; x_wconf 89' lang='lat' dir='ltr'><strong>Dardania</strong></span> <span class='ocrx_word' id='word_1_209' title='bbox 1227 2569 1254 2608; x_wconf 78' lang='lat'><strong>2⁵</strong></span> 
     </span>
     <span class='ocr_line' id='line_1_27' title="bbox 195 2642 1215 2727; baseline -0.001 -19"><span class='ocrx_word' id='word_1_210' title='bbox 195 2644 291 2708; x_wconf 87' lang='lat' dir='ltr'><strong>claris</strong></span> <span class='ocrx_word' id='word_1_211' title='bbox 327 2645 480 2727; x_wconf 82' lang='lat' dir='ltr'><strong>urbibus,</strong></span> <span class='ocrx_word' id='word_1_212' title='bbox 517 2642 629 2708; x_wconf 90' lang='lat' dir='ltr'><strong>Aiacis</strong></span> <span class='ocrx_word' id='word_1_213' title='bbox 665 2646 776 2707; x_wconf 88' lang='lat' dir='ltr'><strong>tamen</strong></span> <span class='ocrx_word' id='word_1_214' title='bbox 812 2642 959 2725; x_wconf 89' lang='lat' dir='ltr'><strong>sepulcro</strong></span> <span class='ocrx_word' id='word_1_215' title='bbox 993 2644 1132 2710; x_wconf 85' lang='lat' dir='ltr'><strong>maxime</strong></span> <span class='ocrx_word' id='word_1_216' title='bbox 1164 2643 1215 2707; x_wconf 91' lang='lat' dir='ltr'><strong>in·</strong></span> 
     </span>
     <span class='ocr_line' id='line_1_28' title="bbox 194 2729 1216 2815; baseline 0 -19"><span class='ocrx_word' id='word_1_217' title='bbox 194 2732 318 2796; x_wconf 88' lang='lat' dir='ltr'><strong>lustria.</strong></span> <span class='ocrx_word' id='word_1_218' title='bbox 360 2732 401 2796; x_wconf 90' lang='lat' dir='ltr'><strong>ab</strong></span> <span class='ocrx_word' id='word_1_219' title='bbox 424 2730 476 2796; x_wconf 87' lang='lat' dir='ltr'><strong>his</strong></span> <span class='ocrx_word' id='word_1_220' title='bbox 500 2732 538 2794; x_wconf 89' lang='lat' dir='ltr'><strong>fit</strong></span> <span class='ocrx_word' id='word_1_221' title='bbox 561 2730 663 2795; x_wconf 86' lang='lat' dir='ltr'><strong>artius</strong></span> <span class='ocrx_word' id='word_1_222' title='bbox 687 2750 786 2812; x_wconf 86' lang='lat' dir='ltr'><strong>mare,</strong></span> <span class='ocrx_word' id='word_1_223' title='bbox 807 2750 868 2794; x_wconf 91' lang='lat' dir='ltr'><strong>nec</strong></span> <span class='ocrx_word' id='word_1_224' title='bbox 886 2729 952 2794; x_wconf 83' lang='lat' dir='ltr'><strong>ianr</strong></span> <span class='ocrx_word' id='word_1_225' title='bbox 976 2731 1079 2798; x_wconf 89' lang='lat' dir='ltr'><strong>adluit</strong></span> <span class='ocrx_word' id='word_1_226' title='bbox 1097 2736 1216 2815; x_wconf 84' lang='lat' dir='ltr'><strong>terras,</strong></span> 
     </span>
     <span class='ocr_line' id='line_1_29' title="bbox 195 2799 1278 2902; baseline -0.002 -16"><span class='ocrx_word' id='word_1_227' title='bbox 195 2820 251 2886; x_wconf 89' lang='lat' dir='ltr'><strong>sed</strong></span> <span class='ocrx_word' id='word_1_228' title='bbox 280 2841 391 2886; x_wconf 82' lang='lat' dir='ltr'><strong>rursus</strong></span> <span class='ocrx_word' id='word_1_229' title='bbox 425 2818 571 2884; x_wconf 84' lang='lat' dir='ltr'><strong>dividens</strong></span> <span class='ocrx_word' id='word_1_230' title='bbox 603 2821 743 2902; x_wconf 82' lang='lat' dir='ltr'><strong>angusto</strong></span> <span class='ocrx_word' id='word_1_231' title='bbox 775 2815 983 2902; x_wconf 88' lang='lat' dir='ltr'><strong>Hellesponti</strong></span> <span class='ocrx_word' id='word_1_232' title='bbox 1013 2820 1100 2886; x_wconf 85' lang='lat' dir='ltr'><strong>freto</strong></span> <span class='ocrx_word' id='word_1_233' title='bbox 1131 2821 1214 2886; x_wconf 88' lang='lat' dir='ltr'><strong>litus</strong></span> <span class='ocrx_word' id='word_1_234' title='bbox 1277 2799 1278 2876; x_wconf 84' lang='lat' dir='ltr'><strong>l</strong></span> 
     </span>
     <span class='ocr_line' id='line_1_30' title="bbox 195 2905 1215 2994; baseline 0 -20"><span class='ocrx_word' id='word_1_235' title='bbox 195 2908 329 2975; x_wconf 86' lang='lat' dir='ltr'><strong>obvium</strong></span> <span class='ocrx_word' id='word_1_236' title='bbox 364 2907 475 2990; x_wconf 84' lang='lat' dir='ltr'><strong>findit,</strong></span> <span class='ocrx_word' id='word_1_237' title='bbox 511 2905 654 2989; x_wconf 88' lang='lat' dir='ltr'><strong>facitque</strong></span> <span class='ocrx_word' id='word_1_238' title='bbox 686 2908 724 2971; x_wconf 85' lang='lat' dir='ltr'><strong>ut</strong></span> <span class='ocrx_word' id='word_1_239' title='bbox 755 2907 874 2972; x_wconf 91' lang='lat' dir='ltr'><strong>iterum</strong></span> <span class='ocrx_word' id='word_1_240' title='bbox 906 2911 1012 2976; x_wconf 86' lang='lat' dir='ltr'><strong>terrae</strong></span> <span class='ocrx_word' id='word_1_241' title='bbox 1044 2931 1109 2994; x_wconf 90' lang='lat' dir='ltr'><strong>qua</strong></span> <span class='ocrx_word' id='word_1_242' title='bbox 1139 2909 1215 2974; x_wconf 85' lang='lat' dir='ltr'><strong>fluit</strong></span> 
     </span>
     <span class='ocr_line' id='line_1_31' title="bbox 195 2996 1258 3064; baseline -0.002 -3"><span class='ocrx_word' id='word_1_243' title='bbox 195 2997 300 3064; x_wconf 89' lang='lat' dir='ltr'><strong>latera</strong></span> <span class='ocrx_word' id='word_1_244' title='bbox 323 2996 398 3062; x_wconf 86' lang='lat' dir='ltr'><strong>sint.</strong></span> <span class='ocrx_word' id='word_1_245' title='bbox 1230 3010 1258 3052; x_wconf 70' lang='grc' dir='ltr'><strong>ει</strong></span> 
     </span>
    </p>
   </div>
   <div class='ocr_carea' id='block_1_3' title="bbox 194 3181 1278 3597">
    <p class='ocr_par' dir='ltr' id='par_1_3' title="bbox 194 3181 1278 3597">
     <span class='ocr_line' id='line_1_32' title="bbox 267 3181 1278 3261; baseline -0.006 -19"><span class='ocrx_word' id='word_1_246' title='bbox 267 3194 291 3244; x_wconf 75' lang='lat' dir='ltr'><strong>l.</strong></span> <span class='ocrx_word' id='word_1_247' title='bbox 312 3187 453 3261; x_wconf 83' lang='lat' dir='ltr'><strong>asson&lt;a)</strong></span> <span class='ocrx_word' id='word_1_248' title='bbox 473 3188 501 3242; x_wconf 98' lang='lat' dir='ltr'><strong>A</strong></span> <span class='ocrx_word' id='word_1_249' title='bbox 519 3185 613 3241; x_wconf 86' lang='lat' dir='ltr'><strong>Asson</strong></span> <span class='ocrx_word' id='word_1_250' title='bbox 630 3185 777 3243; x_wconf 80' lang='lat' dir='ltr'><strong>Barbarus</strong></span> <span class='ocrx_word' id='word_1_251' title='bbox 831 3187 975 3241; x_wconf 90' lang='lat' dir='ltr'><strong>aeolorum</strong></span> <span class='ocrx_word' id='word_1_252' title='bbox 993 3185 1034 3239; x_wconf 85' lang='lat' dir='ltr'><strong>A¹</strong></span> <span class='ocrx_word' id='word_1_253' title='bbox 1052 3181 1211 3237; x_wconf 87' lang='lat' dir='ltr'><strong>aetolorum</strong></span> <span class='ocrx_word' id='word_1_254' title='bbox 1277 3195 1278 3220; x_wconf 73' lang='lat'>³</span> 
     </span>
     <span class='ocr_line' id='line_1_33' title="bbox 194 3251 1278 3337; baseline -0.006 -24"><span class='ocrx_word' id='word_1_255' title='bbox 194 3257 236 3313; x_wconf 81' lang='lat' dir='ltr'><strong>A²</strong></span> <span class='ocrx_word' id='word_1_256' title='bbox 308 3265 333 3314; x_wconf 82' lang='grc'><strong>9.</strong></span> <span class='ocrx_word' id='word_1_257' title='bbox 353 3258 479 3328; x_wconf 80' lang='lat' dir='ltr'><strong>sigaeum</strong></span> <span class='ocrx_word' id='word_1_258' title='bbox 498 3259 525 3314; x_wconf 87' lang='lat' dir='ltr'><strong>A</strong></span> <span class='ocrx_word' id='word_1_259' title='bbox 598 3256 922 3329; x_wconf 77' lang='lat' dir='ltr'><strong>rr.aupr0pinquarn¹</strong></span> <span class='ocrx_word' id='word_1_260' title='bbox 941 3251 1212 3337; x_wconf 58' lang='lat' dir='ltr'><strong>appropinquem*</strong></span> <span class='ocrx_word' id='word_1_261' title='bbox 1277 3329 1278 3332; x_wconf 7' lang='grc' dir='ltr'><strong>Ἴ</strong></span> 
     </span>
     <span class='ocr_line' id='line_1_34' title="bbox 248 3322 1278 3450; baseline -0.003 -67"><span class='ocrx_word' id='word_1_262' title='bbox 248 3335 292 3384; x_wconf 75' lang='lat'><strong>22.</strong></span> <span class='ocrx_word' id='word_1_263' title='bbox 306 3328 423 3400; x_wconf 88' lang='lat' dir='ltr'><strong>adparet</strong></span> <span class='ocrx_word' id='word_1_264' title='bbox 437 3329 478 3383; x_wconf 88' lang='lat' dir='ltr'><strong>A¹</strong></span> <span class='ocrx_word' id='word_1_265' title='bbox 496 3331 615 3400; x_wconf 87' lang='lat' dir='ltr'><strong>apparet</strong></span> <span class='ocrx_word' id='word_1_266' title='bbox 633 3329 675 3383; x_wconf 63' lang='grc' dir='ltr'><strong>Α*</strong></span> <span class='ocrx_word' id='word_1_267' title='bbox 729 3335 771 3383; x_wconf 78' lang='lat'><strong>25.</strong></span> <span class='ocrx_word' id='word_1_268' title='bbox 791 3325 928 3450; x_wconf 49' lang='lat' dir='ltr'><strong>timim</strong></span> <span class='ocrx_word' id='word_1_269' title='bbox 941 3326 1026 3380; x_wconf 86' lang='lat' dir='ltr'><strong>lrtora</strong></span> <span class='ocrx_word' id='word_1_270' title='bbox 1039 3324 1076 3396; x_wconf 85' lang='lat' dir='ltr'><strong>a&gt;</strong></span> <span class='ocrx_word' id='word_1_271' title='bbox 1090 3322 1211 3406; x_wconf 81' lang='lat' dir='ltr'><strong>rhytaeo</strong></span> <span class='ocrx_word' id='word_1_272' title='bbox 1277 3359 1278 3362; x_wconf 59' lang='lat'><em>=</em></span> 
     </span>
     <span class='ocr_line' id='line_1_35' title="bbox 194 3395 1138 3470; baseline -0.004 -16"><span class='ocrx_word' id='word_1_273' title='bbox 194 3400 222 3454; x_wconf 91' lang='lat' dir='ltr'><strong>A</strong></span> <span class='ocrx_word' id='word_1_274' title='bbox 241 3401 357 3470; x_wconf 81' lang='lat' dir='ltr'><strong>(litteras</strong></span> <span class='ocrx_word' id='word_1_275' title='bbox 379 3402 411 3456; x_wconf 75' lang='lat' dir='ltr'><strong>ab</strong></span> <span class='ocrx_word' id='word_1_276' title='bbox 429 3417 483 3456; x_wconf 83' lang='lat' dir='ltr'><strong>raa.</strong></span> <span class='ocrx_word' id='word_1_277' title='bbox 503 3401 554 3470; x_wconf 79' lang='lat' dir='ltr'><strong>A⁸)</strong></span> <span class='ocrx_word' id='word_1_278' title='bbox 574 3400 702 3456; x_wconf 81' lang='lat' dir='ltr'><strong>Rhoetea</strong></span> <span class='ocrx_word' id='word_1_279' title='bbox 724 3397 810 3452; x_wconf 87' lang='lat' dir='ltr'><strong>litora</strong></span> <span class='ocrx_word' id='word_1_280' title='bbox 828 3395 854 3450; x_wconf 86' lang='lat' dir='ltr'><strong>R</strong></span> <span class='ocrx_word' id='word_1_281' title='bbox 875 3396 955 3450; x_wconf 90' lang='lat' dir='ltr'><strong>oeteo</strong></span> <span class='ocrx_word' id='word_1_282' title='bbox 974 3395 1138 3451; x_wconf 80' lang='lat' dir='ltr'><strong>Reiaoblrus</strong></span> 
     </span>
     <span class='ocr_line' id='line_1_36' title="bbox 195 3465 1213 3542; baseline -0.005 -16"><span class='ocrx_word' id='word_1_283' title='bbox 195 3477 237 3529; x_wconf 76' lang='lat'><strong>26.</strong></span> <span class='ocrx_word' id='word_1_284' title='bbox 258 3470 406 3542; x_wconf 89' lang='lat' dir='ltr'><strong>sepulchro</strong></span> <span class='ocrx_word' id='word_1_285' title='bbox 425 3471 466 3525; x_wconf 88' lang='lat' dir='ltr'><strong>A¹</strong></span> <span class='ocrx_word' id='word_1_286' title='bbox 485 3487 514 3526; x_wconf 89' lang='lat' dir='ltr'><strong>se</strong></span> <span class='ocrx_word' id='word_1_287' title='bbox 536 3471 614 3525; x_wconf 91' lang='lat' dir='ltr'><strong>ulcro</strong></span> <span class='ocrx_word' id='word_1_288' title='bbox 633 3469 675 3524; x_wconf 79' lang='lat' dir='ltr'><strong>A²</strong></span> <span class='ocrx_word' id='word_1_289' title='bbox 746 3474 789 3524; x_wconf 76' lang='lat'><strong>26.</strong></span> <span class='ocrx_word' id='word_1_290' title='bbox 809 3473 851 3522; x_wconf 75' lang='lat'><strong>2⁷.</strong></span> <span class='ocrx_word' id='word_1_291' title='bbox 871 3465 1001 3520; x_wconf 85' lang='lat' dir='ltr'><strong>inlustria</strong></span> <span class='ocrx_word' id='word_1_292' title='bbox 1022 3466 1063 3521; x_wconf 87' lang='lat' dir='ltr'><strong>A¹</strong></span> <span class='ocrx_word' id='word_1_293' title='bbox 1085 3465 1213 3522; x_wconf 88' lang='lat' dir='ltr'><strong>illustria</strong></span> 
     </span>
     <span class='ocr_line' id='line_1_37' title="bbox 194 3537 1278 3597; baseline -0.002 -1"><span class='ocrx_word' id='word_1_294' title='bbox 194 3541 236 3596; x_wconf 71' lang='lat' dir='ltr'><strong>A*</strong></span> <span class='ocrx_word' id='word_1_295' title='bbox 307 3548 350 3596; x_wconf 76' lang='lat'><strong>27.</strong></span> <span class='ocrx_word' id='word_1_296' title='bbox 370 3541 462 3597; x_wconf 87' lang='lat' dir='ltr'><strong>adluit</strong></span> <span class='ocrx_word' id='word_1_297' title='bbox 480 3543 507 3596; x_wconf 92' lang='lat' dir='ltr'><strong>A</strong></span> <span class='ocrx_word' id='word_1_298' title='bbox 540 3540 624 3595; x_wconf 88' lang='lat' dir='ltr'><strong>alluit</strong></span> <span class='ocrx_word' id='word_1_299' title='bbox 641 3539 682 3596; x_wconf 91' lang='lat' dir='ltr'><strong>A¹</strong></span> <span class='ocrx_word' id='word_1_300' title='bbox 754 3543 796 3596; x_wconf 84' lang='lat'><strong>30.</strong></span> <span class='ocrx_word' id='word_1_301' title='bbox 816 3537 905 3592; x_wconf 88' lang='lat' dir='ltr'><strong>altera</strong></span> <span class='ocrx_word' id='word_1_302' title='bbox 923 3538 951 3592; x_wconf 96' lang='lat' dir='ltr'><strong>A</strong></span> <span class='ocrx_word' id='word_1_303' title='bbox 969 3537 1094 3595; x_wconf 77' lang='lat' dir='ltr'><strong>laterae</strong></span> <span class='ocrx_word' id='word_1_304' title='bbox 1277 3543 1278 3552; x_wconf 76' lang='grc'>’</span> 
     </span>
    </p>
   </div>
   <div class='ocr_carea' id='block_1_4' title="bbox 0 0 1310 4072">
    <p class='ocr_par' dir='ltr' id='par_1_4' title="bbox 0 0 1310 4072">
     <span class='ocr_line' id='line_1_38' title="bbox 0 0 1310 4072; baseline 0 0"><span class='ocrx_word' id='word_1_305' title='bbox 0 0 1310 4072; x_wconf 95' lang='lat' dir='ltr'><strong> </strong></span> 
     </span>
    </p>
   </div>
  </div>
 </body>
</html>
