2610 4072
207 237 251 304 56
552 237 732 294 POMPONlI
749 189 874 292 Manis

209 405 244 466 et
270 401 399 486 magnis
432 400 576 466 aestibus
605 400 782 485 concitum,
814 399 862 486 ita
894 399 981 464 enim
1011 403 1125 467 motus
1169 400 1252 466 eius

209 488 390 574 appellant,
415 487 510 554 modo
533 487 671 554 inundat
693 509 826 573 compos
849 488 946 553 modo
968 488 1035 553 late
1057 488 1180 553 nudat
1210 512 1250 555 ac

209 577 344 662 refugit,
375 598 441 643 non
467 575 551 642 alios
579 577 724 661 aliosque
752 577 787 642 iu
818 575 923 641 vicem
954 597 1057 660 neque
1089 577 1250 642 alternis

210 665 394 731 accessibus
425 685 511 729 nunc
543 665 578 729 in
608 664 669 729 hos
701 687 788 730 nunc
818 664 853 730 in
883 665 957 730 illos
994 669 1081 730 tcto·
1098 665 1246 750 impetu

209 774 348 836 versum,
372 753 428 818 sed
451 753 509 818 ubi
526 753 562 817 in
580 753 691 818 omnia
708 753 816 836 litora,
838 753 984 836 quamvis
1003 753 1137 818 diversa
1158 756 1262 838 sinti

209 846 371 906 terrarum
394 841 636 926 insularumque
664 865 703 905 ex
724 841 830 906 medio
857 841 981 924 pariter
1003 841 1145 907 effusum
1178 849 1244 924 est,

209 951 321 994 rursus
345 929 386 994 ab
405 929 471 995 illis
491 929 658 1015 colligitur
674 930 710 994 in
727 929 869 994 medium
892 930 978 994 etin
995 934 1098 994 semet
1118 930 1243 1014 ipsum

209 1017 304 1100 redit,
322 1020 416 1084 tanta
428 1019 462 1084 ui
486 1039 613 1101 semper
630 1018 801 1083 inmissum
815 1021 852 1081 ut
865 1021 960 1082 vesta
977 1017 1076 1083 etiam
1089 1017 1243 1084 flumine

209 1109 297 1171 retro
322 1111 411 1192 agat,
433 1110 466 1172 et
490 1111 547 1171 aut
569 1106 739 1171 terrestria
756 1105 976 1190 deprehendat
994 1106 1157 1170 animalia
1178 1113 1241 1172 aut

174 1195 336 1260 amerina
369 1195 534 1260 destituat.
588 1214 693 1277 neque
725 1193 830 1259 adhuc
863 1193 942 1258 satis
975 1194 1148 1279 cognitum
1185 1201 1257 1260 est1

211 1283 397 1348 anhelitune
424 1282 458 1346 id
482 1303 541 1346 suo
563 1281 701 1346 muudus
725 1281 859 1361 efficiet,
885 1286 1125 1365 retractsmque
1159 1305 1236 1348 cum

211 1370 330 1454 spiritu
352 1372 483 1454 regeret
505 1368 625 1434 undam
643 1370 794 1454 undique,
817 1370 855 1454 si,
880 1375 917 1434 ut
935 1370 1136 1436 doctioribus
1163 1373 1236 1455 pla·

210 1462 274 1541 cet,
301 1479 402 1522 unum
426 1458 549 1523 animal
572 1461 636 1542 est,
663 1480 705 1523 an
728 1458 795 1523 sint
816 1458 961 1542 depressi
983 1458 1084 1542 aliqui
1109 1479 1234 1542 specus

210 1567 273 1629 quc
296 1546 500 1630 reciproceis
522 1546 625 1611 maria
647 1546 802 1630 residant,
826 1550 924 1630 atque
947 1546 1031 1611 unde
1054 1567 1088 1611 se
1111 1568 1232 1612 rursus

210 1633 421 1700 exuberantia
443 1633 612 1719 adtollant,
636 1657 678 1700 an
700 1635 779 1700 luna
801 1656 915 1700 causes
937 1635 1039 1700 tantis
1060 1636 1231 1700 meatibus
1245 1655 1259 1693 ιε

209 1723 374 1806 praebeat
425 1728 460 1789 at
489 1728 580 1790 ortus
608 1727 695 1790 certe
726 1724 796 1789 eius
828 1744 1026 1807 occasusque
1057 1723 1232 1789 varientur

208 1833 312 1897 neque
340 1812 452 1878 eodem
471 1812 612 1902 ¹adsidue
639 1815 799 1896 tempore,
827 1812 883 1877 sed
909 1811 1032 1877 utillo
1059 1811 1230 1895 surgitur

209 1899 409 1985 demergitur
435 1901 484 1966 ita
505 1901 655 1966 recedere
684 1905 780 1982 atque
808 1899 984 1964 adventare
1011 1900 1231 1982 conperimus.

175 2003 191 2052 3
210 1986 274 2051 huo
296 2007 444 2072 egressos
468 1992 704 2071 sequentesque
728 2007 766 2051 es
788 2007 870 2070 quac
899 1987 1089 2052 exeuntibus
1111 1988 1230 2054 dextra

210 2077 287 2139 sunt
305 2095 427 2157 aequor
439 2073 642 2138 Atlanticum
662 2076 695 2138 et
713 2094 771 2138 ora
788 2072 941 2139 Baeticae
959 2074 1077 2140 frontis
1097 2074 1257 2160 excipite·

209 2182 291 2244 quae
318 2161 383 2226 nisi
412 2159 498 2245 quod
526 2161 627 2226 semel
652 2161 835 2245 iterumque
861 2162 1029 2247 paululum
1062 2164 1097 2227 in
1124 2170 1228 2228 semet

211 2248 382 2318 abducitur
407 2270 510 2333 usque
538 2248 578 2314 ad
609 2249 744 2315 fiuvium
771 2252 879 2314 Anam
909 2271 1013 2335 paene
1044 2255 1134 2316 recta
1165 2261 1227 2318 est.

176 2355 194 2402 4
213 2337 348 2404 nuduli
371 2341 404 2403 et
426 2337 556 2403 Bastuli
578 2337 739 2405 habitant
784 2339 819 2403 in
842 2339 989 2424 proximo
1016 2340 1088 2404 sinu
1109 2345 1228 2422 portus

212 2431 262 2492 est
289 2447 384 2512 quem
413 2425 623 2512 Gaditanum,
648 2430 689 2498 ,et
714 2427 807 2492 lucus
834 2449 930 2512 quem
959 2426 1143 2493 Oleastrum
1170 2431 1226 2495 ad·

210 2515 349 2600 pellant‚
380 2518 451 2580 tum
479 2514 647 2581 castellum
674 2513 787 2580 Ebora
814 2516 849 2581 in
876 2515 973 2580 litore
1000 2519 1033 2581 et
1059 2517 1172 2599 procul
1207 2537 1256 2584 ec

210 2602 306 2668 litore
328 2601 435 2667 Hasta
458 2602 596 2668 colonia.
642 2605 733 2668 extra
758 2601 892 2668 Iunonis
919 2625 978 2668 ara
1004 2604 1226 2690 templumque

209 2692 271 2774 est,
307 2691 343 2755 in
378 2691 450 2773 ipso
486 2690 569 2755 mari
605 2695 850 2755 monumentum
883 2687 1056 2775 Caepionis
1093 2695 1225 2776 scopulo

173 2778 314 2864 tmagm
343 2800 441 2863 quam
468 2779 595 2844 insulae
622 2777 822 2863 impositum.
867 2777 979 2845 Baetis
1007 2803 1047 2846 ex
1069 2780 1225 2848 Tarraco·

208 2866 301 2931 nensi
332 2867 466 2952 regione
497 2866 657 2934 demissus
689 2887 747 2950 per
777 2865 864 2932 hanc
894 2867 962 2933 fere
994 2868 1132 2933 mediam
1167 2871 1224 2936 diu

208 2955 293 3022 sicut
313 2954 459 3020 nasetur
481 2976 546 3020 uno
570 2976 664 3019 amne
687 2954 837 3040 decurrit,
860 2960 937 3040 post
958 2956 1016 3021 ubi
1038 2978 1105 3020 non
1126 2957 1223 3043 longe
1236 2977 1256 3016 o

280 3150 303 3201 1.
323 3142 392 3198 itm
453 3142 522 3198 'A
541 3146 571 3199 et
588 3143 735 3215 magnino
806 3153 832 3202 1.
851 3144 998 3216 adpellant
1015 3147 1058 3200 A¹
1077 3146 1221 3216 appellant

206 3210 248 3269 A’
303 3220 345 3270 14.
364 3231 403 3270 un
423 3230 456 3270 ae
474 3215 504 3270 A
520 3215 595 3270 unde
613 3234 635 3271 e
695 3222 737 3271 15.
756 3215 900 3272 adtollant
916 3216 958 3271 A¹
976 3216 1112 3272 attollant
1127 3216 1165 3271 Α*

209 3291 250 3340 16.
269 3286 301 3338 at
318 3288 397 3340 ortus
415 3287 455 3341 sic
473 3287 501 3340 A
575 3293 615 3342 17.
635 3286 753 3342 adsidue
771 3288 812 3341 A¹
830 3286 942 3342 assidue
955 3285 997 3342 A’
1070 3294 1111 3343 18.
1129 3287 1218 3358 adque

207 3355 235 3410 A
290 3355 466 3426 conperimus
479 3357 521 3410 A¹
536 3356 722 3427 comperimus
735 3355 776 3411 A¹
831 3363 873 3414 19.
892 3373 1021 3428 egressus
1035 3359 1077 3412 A¹
1096 3375 1217 3428 egressos

207 3423 248 3480 A¹
319 3431 424 3488 2115.
444 3427 591 3510 adpellant
609 3428 650 3481 A¹
668 3426 817 3508 appellent
829 3427 870 3482 A²
930 3433 972 3484 25.
991 3426 1075 3483 litore
1094 3431 1133 3483 A¹
1149 3446 1216 3488 cerr.

278 3500 321 3550 27.
341 3495 503 3566 oaeopioms
522 3498 563 3552 A¹
583 3497 726 3567 caepioms
744 3497 785 3552 A’
859 3503 900 3554 28.
921 3505 962 3554 19.
981 3499 1167 3554 terraconensi
1188 3507 1217 3559 A
