2610 4072
344 254 524 312 onerosa.
543 256 557 310 1
576 261 600 311 e.
622 261 663 310 ro.
685 261 717 310 11
738 256 865 325 (se-cc)
1068 255 1110 320 15

94 419 207 505 procul
224 419 337 484 amari
353 415 434 502 Sais,
452 416 625 502 Memphis,
644 415 758 502 Syene,
776 415 932 483 Bubastis
949 416 1110 503 Elephan-

93 509 162 574 tine
195 511 228 572 εὴ
255 506 385 572 Thebae
417 507 529 592 utique
560 527 638 588 quoe
667 509 705 571 ut
730 505 874 573 Homero
907 505 1030 572 dietum
1062 511 1112 572 est

94 600 224 672 centum
246 600 370 681 portas,
392 597 461 661 sire
480 600 518 660 ut
536 595 594 660 alii
612 597 704 660 aiunt
722 599 851 661 centum
870 595 962 660 aulas
980 594 1112 678 habent,

92 684 233 752 totidem
251 684 332 750 olim
348 685 533 769 principum
552 683 674 767 domos,
693 684 871 768 solitasque
882 684 1037 770 'singulas
1057 684 1113 748 ubi

65 773 265 860 snegouum
292 777 446 858 exegerat
478 772 562 838 dena
590 776 790 838 armatorum
817 773 909 838 milia
936 772 1113 855 effundere

93 864 129 927 in
165 863 264 927 litore
295 861 495 928 Alexandria
527 851 658 925 Africae
695 861 909 940 contermina,
945 860 1112 927 Pelusium

93 951 250 1015 Arabiae.
298 951 387 1034 ipsas
418 971 492 1016 oras
526 953 638 1014 secant
665 944 877 1034 Canopicum,
903 947 1114 1034 Bolbiticum,

97 1035 357 1120 Sebennyfioum,
375 1037 626 1121 Pathmeticum,
643 1035 856 1121 Mendesium,
872 1035 1112 1123 Cataptystum,

95 1125 301 1192 Pelusiacum
323 1125 395 1192 Nili
419 1126 513 1192 ostiu.

53 1233 80 1274 10
185 1213 310 1281 Arabia
332 1215 410 1280 hinc
432 1215 474 1280 ad
495 1213 643 1279 Rubrum
667 1236 757 1288 mere
779 1214 935 1299 pertinet,
964 1213 1021 1278 sed
1038 1213 1113 1302 ,illie
1125 1193 1166 1320 13

95 1304 202 1389 magis
229 1303 318 1371 laeta
350 1308 383 1369 et
414 1303 514 1369 ditior
539 1306 612 1368 ture
645 1307 743 1388 atque
775 1302 929 1369 odoribus
961 1302 1114 1386 abundat,

94 1393 150 1458 hic
171 1392 237 1457 nisi
260 1415 324 1478 qua
348 1389 461 1458 Cassio
484 1395 595 1458 monte
619 1391 791 1458 adtollitur
812 1392 915 1477 plana
934 1394 968 1457 et
991 1391 1113 1457 sterilis

95 1486 229 1565 portum
253 1481 398 1547 admittit
419 1481 561 1546 Azotum
584 1503 716 1546 suarum
738 1481 894 1547 mercium
925 1482 1114 1565 emporium,

96 1592 161 1653 qua
184 1569 218 1634 in
241 1571 344 1636 altum
368 1570 439 1637 abit
461 1569 543 1636 adeo
566 1569 654 1636 edita
677 1571 715 1634 ut
738 1591 778 1635 ex
800 1591 926 1635 summo
949 1569 1071 1635 vertice
1095 1591 1114 1634 a

54 1674 81 1716 1⁵
97 1663 215 1744 quarta
237 1659 353 1744 vigilia
377 1662 486 1724 ortum
510 1659 590 1723 solis
613 1657 772 1724 ostendat.

186 1745 281 1831 Syria
312 1746 380 1812 late
411 1747 512 1812 litora
542 1749 647 1828 tenet,
679 1749 849 1830 terrasque
882 1747 982 1812 ctiam
1013 1746 1112 1811 latius
1125 1725 1165 1850 16}

96 1836 275 1918 introrsus,
307 1833 382 1899 aliis
416 1833 554 1918 aliisque
587 1837 773 1918 nuncupate
804 1833 1005 1899 nominibus:
1036 1856 1112 1899 nam

98 1927 131 1988 et
164 1920 261 1989 Coele
293 1922 412 1988 dicitur
444 1927 477 1988 et
507 1921 746 2006 Mesopotamia
777 1924 811 1987 et
844 1921 1046 1989 Damascene
1078 1926 1112 1987 et

96 2011 265 2078 Adiabene
284 2015 317 2076 et
335 2010 521 2096 Babylonia
540 2015 573 2076 et
589 2010 713 2078 iudaea
734 2014 769 2077 et
787 2007 1016 2096 Commagene.
1056 2011 1111 2076 hic
1130 2026 1164 2076 63

56 2116 82 2156 ¹⁰
96 2100 282 2166 Palaestine
302 2106 353 2167 est
371 2122 436 2185 qua
449 2100 559 2185 tangit
572 2099 710 2184 Arabas,
727 2105 799 2166 tum
811 2100 986 2185 Phoenice3
1006 2103 1039 2166 et
1057 2100 1114 2165 ubi

97 2211 131 2254 se
146 2188 282 2255 Ciliciae
297 2189 474 2255 committit
487 2188 672 2274 Antiochia,
691 2189 770 2254 olim
789 2210 827 2255 ac
844 2189 900 2254 diu
918 2193 1043 2274 potens,
1058 2189 1113 2254 sed

98 2299 170 2341 cum
193 2299 266 2342 eam
288 2297 390 2360 regno
414 2275 604 2343 Semiramis
626 2278 733 2343 tenuit
755 2279 853 2362 longe
875 2277 1115 2361 potentissima.

99 2365 251 2447 operibus
275 2368 363 2429 certe
386 2366 455 2429 eius
478 2365 620 2449 insignia
642 2365 747 2430 multa
769 2368 857 2448 sunt3
885 2365 947 2430 duo
973 2365 1114 2430 maxime

99 2451 272 2535 excellent3
292 2451 470 2517 constituta
488 2452 565 2518 urbs
584 2452 686 2517 mirae
704 2452 940 2538 magnitudinis
954 2451 1114 2538 Babylon,

58 2555 83 2596 2⁵
98 2562 136 2606 ac
154 2540 249 2606 siccis
273 2541 353 2605 olim
370 2540 559 2626 regionibus
578 2539 765 2625 Euphrates
784 2545 818 2607 et
835 2541 942 2628 Tigris
965 2541 1114 2607 immissi.

98 2632 240 2696 ceterum
263 2629 296 2694 in
319 2629 507 2695 Palaestina
530 2634 579 2694 est
602 2630 717 2716 ingens
741 2636 774 2696 et
790 2631 917 2696 munita
940 2631 1114 2697 admodum
1133 2647 1167 2698 ct

97 2718 197 2783 Gaza:
221 2718 268 2784 sio
290 2718 410 2784 Persae
433 2719 595 2784 cerarium
617 2723 745 2803 vocant,
768 2724 802 2785 et
824 2719 899 2786 inde
917 2742 1036 2787 nomen
1055 2724 1115 2804 est,

97 2807 182 2891 quod
201 2829 276 2872 eum
290 2805 469 2892 Cambyses
490 2809 588 2874 armis
603 2808 791 2894 Aegyptum
804 2814 940 2894 peteret,
958 2810 1022 2875 huc
1035 2809 1115 2875 belli

98 2901 131 2958 et
150 2917 226 2978 opes
246 2901 280 2960 et
297 2898 468 2980 pecuniam
486 2896 652 2963 intulerat.
680 2900 815 2963 estnon
832 2899 938 2965 minor
956 2897 1113 2982 Ascalon,

170 3109 195 3158 2.
216 3101 376 3185 <et>hebae
394 3105 423 3159 A
442 3104 482 3171 (et
494 3103 546 3172 Al)
565 3105 608 3159 uti
627 3123 680 3174 que
699 3106 727 3160 A
746 3105 843 3174 utique
863 3123 934 3176 quae
951 3105 1114 3162 Perizonius

154 3180 177 3231 7.
197 3173 365 3230 rolbrticum
383 3175 411 3230 A
430 3173 637 3232 Bolbiticumc
691 3183 715 3232 8.
736 3177 948 3246 sevennyticum
968 3180 994 3230 A
1012 3176 1112 3246 patha

98 3245 232 3300 meticum
251 3247 279 3301 A
301 3244 543 3302 Pathmeticumc
617 3253 658 3304 11.
678 3247 769 3316 adque
790 3247 831 3302 A¹
855 3250 938 3318 atque
956 3247 998 3303 A'
1070 3255 1113 3305 12.

100 3316 247 3372 adtollitur
269 3318 311 3372 A²
333 3315 476 3372 attollitur
497 3317 540 3372 A¹
614 3325 655 3375 18.
680 3319 862 3374 damascenae
881 3320 922 3374 A¹
947 3319 1113 3377 damasceno

100 3387 141 3440 A*
213 3394 254 3443 19.
275 3387 431 3463 colophone
449 3390 478 3445 A
497 3389 683 3460 Commagene
707 3389 839 3460 Kopps'ue
910 3397 952 3447 20.
973 3391 1112 3474 palestine

99 3459 127 3512 A
181 3475 244 3512 cum
262 3461 289 3515 A
308 3461 369 3514 tum
382 3478 403 3516 o
457 3465 500 3516 24.
520 3462 659 3518 excellent
677 3463 717 3518 ea'c
735 3462 763 3516 A
816 3468 859 3520 26.
877 3464 1060 3534 pulestmaA

100 3534 141 3584 28.
162 3531 304 3602 peteretis]
314 3533 342 3586 A
396 3538 439 3588 29.
460 3532 659 3606 <as>oalo<n>
673 3535 701 3589 A
720 3535 836 3605 (litterae
854 3536 886 3591 ia
903 3551 959 3592 ras.
979 3535 1043 3590 add.
1057 3533 1109 3602 11³)
