2610 4072
220 265 263 332 76
566 261 746 319 POMPONII
762 260 889 318 natan

220 429 276 494 sed
305 432 489 494 commeatu
515 425 671 491 defecisse
695 428 879 490 memoratu
905 423 1093 506 rettulerat,
1123 425 1171 486 et
1199 421 1269 488 Eu·

219 518 321 583 doxus
344 516 475 602 quidam
499 535 634 580 avorum
652 516 839 579 nostrorum
862 510 1062 596 temporibus
1087 531 1179 576 cnm
1204 511 1266 575 La

219 605 354 690 thynum
381 623 493 688 regem
519 601 736 667 Alexandriae
763 600 966 686 profugeret,
993 598 1144 664 Arabico
1187 599 1276 664 91991

220 711 370 777 egressus
394 713 452 775 per
473 690 537 757 hoc
563 690 712 775 pelagus,
739 692 777 754 ut
798 687 910 773 Nepos
939 687 1106 770 adfirmat,
1136 685 1259 753 Gades

218 801 321 864 usque
343 783 514 864 pervectus
538 783 602 844 est:
625 779 698 845 ideo
722 779 792 842 eius
811 797 888 842 orae
905 779 1004 841 notae
1023 777 1101 840 sunt
1122 775 1270 861 eliquat

166 886 200 936 91
221 871 298 932 9991
321 871 430 933 autem
453 870 545 932 trans
565 887 705 952 eaquae
728 866 857 931 deserta
876 863 972 930 modo
992 863 1139 928 diximus
1169 866 1254 929 muti

219 955 335 1040 populi
359 959 392 1021 et
413 955 531 1041 quibus
549 977 609 1040 pre
633 955 761 1040 eloquio
779 957 879 1019 99199
903 957 971 1037 991,
986 951 1041 1016 9111
1064 951 1142 1016 sine
1172 975 1252 1020 sone

219 1043 360 1130 linguae,
379 1045 436 1112 alii
450 1045 519 1109 sine
533 1043 665 1128 linguis,
680 1042 737 1108 alii
750 1041 852 1107 labris
868 1041 968 1105 etium
982 1038 1252 1124 cohaerentibus

218 1133 285 1198 nisi
318 1132 404 1218 quod
433 1133 492 1198 sub
523 1132 658 1198 naribus
691 1132 791 1196 etiem
823 1129 934 1194 fistula
967 1132 1017 1193 est
1049 1149 1110 1212 per
1149 1150 1248 1214 quam

219 1221 331 1286 bibere
355 1221 480 1304 avenis,
507 1223 541 1284 et
564 1241 638 1284 cum
660 1219 793 1283 incessit
816 1216 919 1282 libido
942 1215 1107 1300 vescendi,
1143 1238 1262 1303 grana

222 1310 352 1393 singula
369 1308 501 1394 frugum
523 1307 647 1392 passim
663 1306 866 1372 nascentium
887 1304 1062 1370 absorbere
1081 1304 1247 1372 dicuntur.

166 1413 202 1464 99
222 1401 299 1461 9991
321 1396 439 1480 quibus
457 1399 533 1460 ante
557 1395 733 1459 adventum
751 1394 880 1460 Eudoxi
899 1393 980 1459 adeo
999 1394 1139 1478 ignotus
1161 1395 1246 1480 ignis

219 1483 298 1566 fnit,
322 1483 466 1567 adeoque
489 1483 579 1548 visus
602 1483 721 1548 mirum
743 1483 779 1546 in
801 1481 934 1547 modum
957 1481 1091 1565 placuit,
1113 1485 1160 1547 ut
1184 1506 1245 1548 arn·

220 1570 322 1656 plecti
349 1571 447 1636 etiem
474 1571 624 1637 flammas
652 1575 686 1636 et
716 1571 862 1636 ardentia
890 1569 963 1636 9199
993 1568 1112 1634 abdere
1145 1571 1245 1638 donee

166 1677 201 1728 99
220 1663 352 1726 noceret
366 1661 506 1727 maxime
520 1660 663 1725 libuerit.
687 1681 784 1743 super
798 1679 853 1724 eos
869 1658 1002 1744 grandis
1015 1657 1125 1722 litoris
1143 1661 1264 1726 flexuae

220 1748 378 1834 grandem
396 1750 538 1814 19991991
556 1749 702 1832 includit,
724 1747 760 1812 in
783 1769 847 1831 qua
864 1749 994 1811 tentum
1011 1745 1156 1813 feminas
1179 1770 1244 1814 9999

220 1841 358 1904 narrant
375 1840 446 1903 toto
466 1858 600 1921 corpore
617 1836 764 1902 hirsutas
783 1839 816 1901 et
835 1836 905 1900 sine
928 1834 1017 1900 coitu
1034 1855 1169 1901 marum
1190 1859 1243 1903 999

221 1928 339 2009 sponte
366 1923 535 2009 fecundes,
563 1924 642 1990 adeo
672 1925 794 2008 asperis
823 1923 993 2007 effatisque
1018 1923 1183 2009 moribus,
1212 1930 1245 1990 nt

221 2012 381 2096 quaedem
404 2013 563 2077 contineri
585 2033 627 2077 ne
650 2013 851 2077 reluctentur
868 2012 922 2076 vix
944 2011 1081 2076 vinculis
1102 2014 1244 2097 possint.

221 2099 284 2164 hoc
317 2097 437 2165 Hanno
469 2099 613 2183 rettulit,
650 2102 684 2164 et
714 2100 791 2184 qnia
823 2100 971 2165 detracta
1003 2100 1117 2165 occisis
1146 2105 1266 2166 991191

165 2205 202 2256 94
220 2186 401 2271 pertulerat
427 2187 507 2252 fides
535 2187 652 2252 habita
680 2192 737 2252 991.
782 2187 872 2253 ultra
898 2188 985 2253 hunc
1011 2189 1119 2253 919991
1144 2209 1242 2255 19999

220 2275 315 2361 91199,
333 2279 371 2341 91
385 2274 501 2342 Graeci
515 2281 637 2344 vocant
651 2275 765 2342 Theon
779 2276 909 2360 ochema,
927 2277 1093 2360 perpetuis
1107 2277 1241 2360 ignibus

167 2381 202 2433 99
221 2364 351 2450 flagrat.
391 2366 479 2430 ultra
501 2369 646 2431 montem
664 2366 750 2431 viret
771 2365 862 2430 collis
882 2366 983 2449 longo
1000 2367 1107 2429 tractu
1131 2365 1241 2453 longis

221 2452 374 2520 litoribus
390 2443 558 2539 obductus,
576 2454 660 2519 unde
674 2454 826 2518 11999191
838 2456 988 2536 patentes
1007 2452 1113 2536 magis
1134 2456 1240 2540 campi

219 2563 318 2627 qnam
340 2545 378 2606 ut
395 2543 537 2627 perspici
559 2543 688 2624 possint
706 2542 832 2608 Panum
852 2539 1116 2626 satyrorumque.
1164 2543 1262 2609 111999

219 2630 330 2712 opinio
350 2649 466 2694 999999
485 2629 583 2694 fidem
602 2630 698 2713 cepit,
721 2630 899 2715 quodcum
922 2630 958 2694 in
980 2629 1033 2694 1111
1055 2628 1142 2695 nihil
1162 2633 1239 2698 culti

218 2719 272 2799 sit,
294 2715 405 2780 nullae
427 2716 649 2781 habitantium
673 2717 779 2799 sedes,
801 2717 895 2782 nulle
917 2716 1072 2802 vestigia,
1096 2719 1239 2786 solitudo

216 2805 252 2869 in
278 2803 480 2869 (1191919919
504 2807 537 2869 91
556 2804 724 2870 9119911991
741 2805 876 2886 9991199,
898 2808 994 2872 nocte
1017 2805 1120 2872 crebri
1146 2808 1239 2894 ignee

289 2967 313 3015 1.
331 2960 503 3014 memoratur
521 2960 551 3014 et
573 2959 678 3015 tulerat
695 2960 737 3015 A¹
759 2964 877 3018 conenit
895 2961 936 3017 A³
1009 2967 1033 3016 2.
1054 2967 1078 3017 9.
1100 2959 1239 3018 1911191919

213 3031 242 3086 A
266 3031 420 3100 Lathyrum
442 3031 589 3087 Barbarae
664 3031 1117 3087 99911919199119199191Ι
1196 3041 1238 3091 10.

214 3104 301 3158 avent
311 3101 399 3158 eedA
408 3101 515 3169 avenis,
530 3104 560 3157 et
570 3101 737 3158 Otaccoaine
787 3109 828 3157 11.
839 3109 904 3172 poet
913 3102 1047 3157 dicuntur
1060 3104 1238 3160 9999111199

214 3180 313 3244 septem
328 3175 484 3230 litterarum
538 3177 579 3227 15.
593 3172 690 3228 noceri
705 3173 733 3227 A
747 3175 896 3228 99999919
951 3172 1064 3229 licuerit
1077 3174 1105 3229 A
1122 3173 1239 3230 libuerit

213 3261 235 3299 9
307 3250 351 3300 17.
369 3259 479 3298 marum
501 3245 540 3300 ee'c
558 3244 587 3297 A
660 3248 702 3298 18.
726 3242 915 3316 effe<ris>que
939 3245 968 3299 A
990 3245 1106 3315 (litterae
1127 3247 1159 3300 ier
1180 3265 1237 3303 rue.

214 3315 279 3370 add.
299 3315 351 3385 A⁸)
426 3320 467 3369 19.
486 3314 564 3388 <99>
581 3314 624 3370 A⁸
678 3319 720 3370 29.
740 3315 816 3386 <hoc
831 3314 945 3386 ha>nno
960 3315 988 3370 A
1003 3316 1163 3384 (litteraria
1180 3335 1236 3374 rue.

213 3385 279 3440 add.
293 3383 347 3454 A⁸)
416 3384 1021 3457 91.<9119>9.1(999999999999999
1092 3391 1135 3442 22.
1147 3387 1238 3443 theon

212 3457 241 3510 A
260 3453 359 3509 Theon
383 3455 500 3510 ochema
517 3455 665 3512 Barbarae
736 3455 916 3540 ae.<u1t>re
937 3456 966 3510 A
990 3457 1106 3527 (11119199
1126 3459 1157 3512 ia
1180 3477 1237 3517 rue.

212 3527 277 3582 cdd.
297 3525 348 3596 A')
422 3524 516 3594 longis
535 3525 576 3581 A·
595 3527 713 3596 exceptis
732 3527 831 3583 19119999
848 3527 893 3596 gie
911 3529 944 3582 ia
961 3530 1052 3598 apetie
1069 3543 1153 3584 99999
1275 3551 1276 3618 3
