2610 4072
412 250 593 308 cflcnccn.
613 251 640 306 11
660 259 674 307 1
695 253 787 323 (2-9)
1065 251 1109 318 29

82 417 217 482 modice
233 415 394 501 paulatim
410 435 444 480 se
463 415 536 499 ipsa
550 413 697 500 fastigat,
715 417 750 480 et
763 415 858 498 quasi
876 415 910 479 in
924 435 1112 480 mucronem

85 507 192 590 longa
224 504 380 589 colligens
413 504 517 569 latera
548 503 632 568 facie
658 501 758 587 positi
788 503 875 568 ensis
903 503 1031 568 adfecta
1055 508 1112 569 est.

85 593 239 659 Achilles
267 593 388 657 infesta
414 592 519 658 classe
547 612 637 656 mare
664 589 838 656 Ponticum
868 591 1036 676 ingressus
1066 592 1113 656 ibi

84 681 215 748 ludicro
249 681 426 746 certamine
459 681 640 746 celebrasse
671 679 855 764 victoriam,
891 683 925 744 et
961 701 1034 745 cum
1071 681 1112 745 ab

54 765 192 836 sarruis
235 770 326 854 quies
368 772 439 834 erat
481 791 515 833 se
552 789 590 833 ae
631 789 707 832 suos
748 789 843 833 cursu
884 768 1113 834 exercitavisse

87 863 303 924 memoratur.
352 857 426 921 ideo
455 855 543 922 dicta
570 859 621 921 est
648 855 790 920 Dromos
818 855 995 923 Achilleos.
1041 859 1148 922 turne

89 945 318 1030 Borysthenes
336 948 469 1029 gentem
488 945 539 1010 sui
556 944 699 1010 nominis
718 943 831 1026 adluit,
854 946 940 1010 inter
958 943 1113 1028 Scythiae

91 1055 207 1099 amnes
237 1032 500 1117 amoenissimus,
527 1031 667 1098 turbidis
696 1031 770 1096 aliis
799 1031 1034 1116 liquidissimus
1060 1033 1113 1098 de-

91 1123 181 1207 fluit,
214 1121 372 1206 placidior
404 1142 503 1206 quam
534 1121 634 1187 ceteri
664 1121 836 1205 potarique
868 1121 1114 1205 pulcherrimus.

47 1211 156 1276 malit
189 1210 371 1276 laetissima
401 1210 524 1294 pabula
555 1229 755 1294 magnosque
789 1209 894 1293 pisces
932 1209 1049 1293 quibus
1082 1213 1115 1274 et

92 1300 239 1384 optimus
281 1320 379 1382 sapor
415 1303 448 1363 et
488 1299 580 1365 nulla
615 1320 692 1363 ossa
734 1302 819 1363 sunt.
878 1298 976 1382 longe
1015 1299 1115 1381 venit,

92 1386 1116 1561 tilllltltgtllaitltlblsstetllttggilllulitttlndll

93 1525 372 1650 Borysthenidam
400 1570 433 1630 et
461 1564 597 1648 Olbian,
627 1563 752 1629 Graeca
775 1562 911 1647 oppida,
943 1563 1115 1648 egreditur.

51 1673 78 1714 rs
93 1649 296 1738 Callippidas
314 1651 465 1736 Hypanis
489 1651 635 1716 includit.
682 1673 725 1715 ex*
739 1651 856 1735 grandi
875 1651 993 1734 palude
1012 1653 1116 1717 oritur
1135 1668 1150 1717 '1

95 1763 194 1824 quam
225 1744 366 1805 matrem
394 1741 463 1804 eius
493 1740 622 1804 accolae
650 1738 834 1824 appellant,
866 1743 899 1803 et
925 1739 981 1804 diu
1008 1740 1116 1825 qualis

94 1831 193 1893 natus
218 1831 268 1892 est
287 1827 409 1892 defluit.
455 1827 587 1892 tandem
610 1848 677 1892 non
696 1827 794 1912 longe
815 1828 995 1892 amarior
1014 1849 1115 1911 parvo

95 1915 187 1981 fonte
207 1917 259 1982 eui
276 1915 465 2002 Exampaeo
486 1935 667 2000 cognomen
691 1918 742 1980 est
761 1914 841 1981 adeo
866 1937 994 1981 amaras
1014 1938 1116 2000 aquas

96 2004 222 2090 accipit,
241 2008 278 2070 ut
296 2005 368 2090 ipse
388 2026 515 2091 quoque
534 2003 601 2070 iem
619 2005 670 2070 sui
689 2003 860 2070 dissimilis
875 2007 908 2070 et
925 2025 992 2070 nou
1011 2005 1115 2070 dulcis

55 2114 82 2154 ao
95 2092 172 2158 hinc
191 2093 318 2159 defluat.
356 2093 492 2160 Asiaces
510 2093 679 2178 proximus
698 2093 785 2158 inter
803 2091 1004 2178 Callippidas
1021 2092 1116 2160 Asia-

96 2203 213 2266 casque
227 2182 400 2248 descendit.
437 2183 498 2248 hos
519 2182 560 2247 ab
575 2181 729 2247 Histricis
744 2181 831 2266 Tyra
846 2186 988 2267 separat,
1009 2182 1117 2266 surgit

96 2270 131 2333 in
156 2268 290 2353 Neuris,
323 2292 388 2352 qua
420 2270 488 2334 exit
521 2271 572 2335 sui
603 2269 744 2334 nominis
778 2270 933 2352 oppidum
965 2270 1116 2355 adtingit

98 2361 133 2421 at
159 2356 216 2420 ille
255 2358 309 2441 qui
337 2355 492 2441 Scythiae
518 2358 658 2441 populos
688 2379 707 2422 a
741 2357 951 2440 sequentibus
981 2357 1150 2443 dirimit,8

99 2445 221 2529 apertis
236 2444 271 2510 in
286 2444 464 2510 Germania
477 2445 633 2528 fontibus,
653 2445 718 2509 alio
735 2466 833 2530 quam
852 2445 970 2511 desinit
983 2445 1116 2511 nomine

58 2553 84 2594 ss
98 2534 248 2600 exoritur.
294 2555 372 2599 nam
398 2555 457 2618 per
483 2534 641 2598 immania
668 2553 858 2618 magnarum
886 2535 1034 2619 gentium
1061 2535 1117 2599 diu

96 2622 266 2690 Danuvius
289 2625 348 2707 est,
372 2622 486 2688 deiude
511 2622 609 2689 aliter
630 2643 704 2688 eum
728 2622 971 2706 adpellentibus
995 2623 1114 2689 accolis

95 2712 134 2775 fit
161 2711 288 2795 Hister,
317 2713 524 2797 acceptisque
553 2711 680 2797 aliquot
709 2711 872 2796 amnibus,
899 2712 1020 2797 ,ingens
1048 2713 1115 2778 iam

99 2807 131 2865 et
153 2823 264 2865 eorum
289 2801 344 2884 qui
367 2801 402 2864 in
420 2799 579 2866 Nostrum
601 2821 690 2866 mare
713 2799 865 2866 decidunt
886 2804 1017 2866 tantum
1036 2800 1114 2866 Nilo

101 2887 219 2970 minor,
245 2889 384 2952 totidem
412 2893 492 2970 quot
514 2889 571 2954 ille
600 2889 708 2974 ostiis,
738 2889 923 2955 sedtribus
952 2889 1115 2972 tenuibus,

62 2993 88 3034 uo
101 2974 233 3058 reliquis
257 2972 499 3058 navigabilibus
523 2977 637 3042 effluit.
682 2977 817 3062 ingenia
839 2978 1010 3061 cultusque
1036 2994 1145 3062 geu-9

169 3156 193 3204 2.
209 3147 322 3202 adlecta
331 3148 486 3205 A²allecta
494 3147 658 3204 ‘Aladfecta
666 3150 795 3206 Bursian
845 3157 868 3206 7.
884 3148 1024 3206 adluitA¹
1034 3151 1117 3206 alluit

55 3283 58 3294 ὅ
100 3219 139 3276 A⁹
196 3227 220 3276 8.
239 3219 395 3291 turbidissss
406 3220 434 3275 A
494 3225 535 3277 10.
554 3218 709 3274 laetissime
732 3221 761 3276 A
820 3226 862 3278 15.
881 3220 968 3290 gandi
985 3221 1035 3280 A
1074 3229 1115 3282 17.

100 3292 206 3346 tautum
219 3292 248 3345 A
262 3291 377 3346 tandem
390 3308 411 3346 co
475 3296 517 3348 18.
532 3291 689 3378 examphq'o
703 3290 731 3344 A
744 3291 904 3362 Exampaeo
918 3293 948 3348 J.
962 3294 1117 3352 Gronovius

152 3387 193 3434 21.
210 3379 415 3434 descaenditA
463 3380 705 3450 pyraA'l’yrevv
750 3388 792 3436 22.
808 3381 931 3452 adtingit
944 3384 986 3437 A¹
999 3383 1117 3452 attingit

102 3449 141 3504 A¹
202 3457 244 3506 26.
264 3451 401 3506 danubius
419 3451 448 3505 A
465 3451 609 3507 Danuvius
628 3453 727 3522 serpsi
780 3452 989 3524 adpellentibus
1008 3455 1050 3507 A¹
1068 3468 1116 3523 ap-

102 3521 270 3592 pellantibus
289 3523 330 3578 A²
402 3529 444 3578 2⁷.
465 3521 574 3591 aliquot
592 3524 632 3578 A¹
651 3541 719 3580 corr.
793 3531 836 3580 29.
856 3528 925 3595 quot
943 3525 984 3578 A¹
1002 3539 1071 3580 corr.
