2610 4072
208 253 250 317 16
557 249 735 304 ΡΟΜΡΟΝΠ
752 248 878 305 MELAE

206 417 257 480 est
274 413 352 498 Iope
376 416 453 478 ante
477 412 636 478 diluvium
659 416 697 477 ut
718 411 829 478 ferunt
847 412 988 496 condita,
1011 412 1069 515 ubi
1092 411 1231 518 Gepbea

204 500 1228 676 {attalalt‘tttlt,ttmdlttltlgttt

206 680 348 764 plurima
366 678 521 744 retinent:
541 679 619 763 quin
638 678 738 744 etiam
756 678 804 744 rei
822 678 1004 745 celebratae
1023 680 1227 748 carminibus

205 789 242 832 ao
264 767 398 849 fabulis,
426 772 636 852 servataeque
660 790 679 832 a
701 768 820 833 Perseo
843 767 1069 834 Andromedae
1096 769 1226 836 clarum
1257 789 1276 840 ὃς

154 855 381 986 12vestigium
405 857 549 959 marinae
572 857 686 922 beluae
710 849 786 922 os'sa
808 856 953 958 inmania
976 860 1152 1010 osterlrltant.
1275 881 1276 958 y

152 1001 185 1050 ⁶⁵
204 944 1226 1119 gentilet⁶t¹lt0t¹lltltllittttdtlssatltut

203 1122 387 1188 litterarum
406 1145 521 1206 operas
546 1123 690 1206 aliasque
709 1124 809 1187 etiam
834 1128 930 1206 artes,
953 1123 1057 1188 maria
1079 1124 1224 1192 navibus

204 1210 306 1294 adire,
334 1211 438 1276 classe
466 1211 653 1296 confligere,
678 1210 855 1294 inperitare
883 1211 1051 1296 gentibus,
1080 1231 1224 1296 regnum
1241 1233 1262 1271 ¹⁰

151 1317 185 1366 66
204 1299 428 1383 proeliumque
451 1299 622 1363 conmenti.
668 1299 704 1362 in
726 1321 764 1363 ea
787 1302 839 1364 est
862 1303 895 1364 et
917 1298 1021 1384 Tyros
1046 1301 1223 1385 aliquando

202 1387 319 1469 insula,
341 1407 428 1451 nuno
451 1386 576 1452 adnexa
595 1388 691 1452 terris
710 1387 826 1472 deficit,
851 1389 936 1472 quod
955 1389 997 1454 ab
1016 1389 1222 1474 inpugnante

203 1474 364 1558 quondam
383 1475 570 1542 Alexandro
588 1477 675 1542 iacta
694 1497 800 1560 opera.
846 1477 911 1542 vici
928 1481 1041 1543 tenent
1059 1478 1221 1545 ulteriora

202 1567 236 1627 et
254 1563 359 1628 adhue
377 1564 532 1648 opulenta
550 1563 659 1648 Sidon,
682 1570 858 1648 antequam
877 1588 896 1630 a
914 1565 1024 1631 Persis
1048 1572 1219 1651 caperetur

148 1669 182 1717 ev
202 1652 440 1730 maritimarum
455 1653 585 1718 urbium
600 1655 752 1720 maxima.
788 1654 829 1719 ab
844 1677 883 1719 oa
897 1655 937 1719 ad
951 1657 1216 1738 promunturium
1234 1675 1257 1714 1⁵

202 1740 460 1827 Theuprosopon
478 1742 542 1808 duo
558 1746 634 1808 sunt
652 1742 772 1828 oppida
786 1742 963 1808 Rabies-et
976 1741 1111 1828 Botrys:
1129 1747 1217 1812 ultra

200 1830 267 1895 tria
292 1829 423 1896 firerunt
450 1831 588 1915 singulis
616 1833 702 1898 inter
729 1853 764 1897 se
786 1833 901 1897 stadiis
925 1832 1095 1916 distantia3
1123 1833 1214 1902 locus

201 1940 240 1980 ex
262 1940 397 1983 numero
420 1919 563 2002 Tripolis
586 1920 711 1985 dicitur.
746 1923 816 1985 tum
839 1919 969 2005 Simyra
992 1922 1160 1987 castollum
1183 1929 1216 1988 et

148 2022 182 2073 68
201 2005 279 2070 urbs
306 2028 375 2071 non
402 2007 541 2072 obscura
568 2007 746 2074 Marathos.
791 2009 865 2073 inde
893 2009 961 2074 iam
987 2030 1052 2074 non
1079 2009 1215 2092 obliqua

199 2094 318 2179 pelago
343 2095 399 2160 sed
422 2095 559 2160 adversa
582 2094 732 2162 adiacens
751 2095 833 2161 Asia
856 2098 1012 2182 grandem
1034 2096 1141 2161 sinum
1164 2097 1217 2162 in·
1231 2117 1258 2156 se

199 2182 282 2247 flexo
306 2185 414 2248 tractu
432 2183 539 2249 litoris
563 2184 690 2268 accipit.
735 2185 848 2269 populi
867 2185 951 2251 dites
971 2185 1214 2272 circumsident3

200 2271 282 2337 situs
302 2271 415 2338 efficit:
438 2273 514 2358 quia
532 2274 624 2358 regio
643 2274 761 2340 fertilis
780 2274 902 2339 crebris
921 2277 954 2340 et
972 2274 1215 2360 navigabilibus

199 2361 300 2427 alveis
323 2361 493 2428 fluminum
511 2361 623 2447 pervia
645 2363 789 2430 diversas
808 2384 885 2448 opes
909 2364 1007 2428 maris
1031 2367 1128 2448 atque
1150 2369 1216 2430 ter-

147 2467 180 2516 ea
198 2472 308 2516 rarum
335 2451 427 2517 facili
455 2453 648 2518 commercio
675 2455 842 2536 permutat
871 2473 908 2518 ac
935 2452 1059 2518 miscet.
1108 2453 1143 2518 in
1174 2475 1214 2520 eo

198 2539 305 2621 prima
324 2543 375 2604 est
392 2541 519 2625 reliqua
532 2563 608 2624 pars
623 2541 734 2624 Syriae
753 2543 805 2607 cui
819 2538 1013 2604 Antiochiae
1033 2561 1214 2626 cognomen
1229 2559 1257 2600 2⁵

199 2625 342 2704 additur,
369 2629 460 2692 etin
488 2649 546 2692 ora
569 2630 638 2692 eius
661 2630 759 2693 urbes
783 2626 939 2709 Seleucia,
966 2627 1130 2714 Hypatos,
1152 2629 1214 2695 Be-

197 2717 304 2797 rytos,
326 2713 498 2798 Laodicea,
525 2713 645 2798 Rosos,
673 2736 847 2799 amnesque
871 2715 926 2798 qui
948 2715 1034 2781 inter
1056 2741 1112 2784 eas
1136 2724 1214 2785 eunt

198 2800 225 2865 L
249 2822 304 2866 cos
328 2805 361 2867 et
382 2800 534 2886 Hypatos
559 2806 592 2867 et
614 2803 766 2887 Orontes3
795 2807 866 2867 tum
891 2825 983 2870 mons
1007 2805 1155 2874 Amanus
1179 2813 1213 2874 et

198 2823 248 2955 ad
264 2911 302 2956 eo
325 2891 440 2956 statim
462 2890 670 2974 Myriandros
695 2896 727 2956 et
751 2889 879 2957 Cilices.

286 2979 333 3044 At
354 2980 389 3044 in
411 3001 540 3044 recessu
563 2979 679 3045 intimo
704 2981 793 3046 locus
818 2985 869 3046 est
896 2986 1009 3068 magni
1038 2985 1210 3069 aliquando
1227 3001 1255 3042 ³0

145 3035 179 3085 ⁷⁰
198 3067 410 3153 discriminis,
438 3068 585 3135 lusorum
614 3069 654 3134 ab
678 3069 861 3136 Alexandro
885 3071 1060 3139 Persarum
1084 3073 1210 3155 fugien-

269 3249 292 3296 1.
311 3241 377 3314 <est
394 3242 481 3314 i>ope
500 3243 529 3298 A
548 3245 664 3314 (litterae
677 3247 714 3300 c'u
730 3261 786 3300 roe.
811 3247 875 3302 add.
899 3245 951 3317 ΑΒ)
1023 3251 1047 3301 t.
1071 3239 1210 3324 matrinae

195 3312 375 3368 A¹marinae
388 3315 430 3369 A*
503 3322 527 3372 7.
541 3315 726 3373 inlustravere
744 3317 785 3370 A¹
803 3315 980 3372 illustravere
993 3314 1034 3370 Α*
1107 3319 1148 3369 10.
1167 3330 1210 3368 m·

195 3382 288 3453 perita
305 3400 334 3439 re
354 3385 395 3438 Αι
415 3386 545 3457 imperita
558 3403 587 3442 re
602 3387 644 3442 A*
699 3395 740 3444 lt.
756 3404 791 3443 eu
811 3404 932 3460 rosopon
945 3388 972 3442 A
988 3386 1211 3456 Theuprosopon

196 3455 350 3511 Pintiaoau
391 3456 482 3513 bubos
496 3457 749 3529 ABublosecrcpsi
790 3405 1211 3524 lathrosABotrysBcrtarus

266 3531 308 3581 28.
327 3526 402 3595 Iytos
422 3531 449 3583 A
466 3529 557 3599 Lycos
576 3547 592 3585 o
