2610 4072
206 227 251 290 40
558 225 736 284 ΡΟΜΡΟΝΠ
753 225 880 281 MELAE

207 389 354 458 Taenaro
387 388 530 474 Neptuni
562 388 720 472 templum
751 396 784 453 et
815 408 944 472 specus,
980 387 1031 451 illi
1062 405 1165 471 quem
1207 386 1249 450 in

207 478 314 546 Ponto
346 477 561 544 Acherusium
597 476 739 542 diximus
771 475 853 542 facie
886 479 919 540 et
950 475 1061 542 fabula
1097 474 1247 559 similis,

208 568 243 634 in
264 566 406 632 Asinaeo
433 564 553 630 flumen
579 563 765 649 Pamisum,
790 565 825 629 in
853 562 1040 648 Cyparissio
1065 561 1245 646 Alpheus.

207 675 326 720 nomen
349 651 437 718 dedit
459 652 537 717 urbs
560 652 715 720 inlitora
739 654 815 738 sita,
842 652 918 718 huic
940 650 1151 738 Cyparissos,
1184 651 1244 714 illi
1274 675 1275 688 ³

154 763 189 812 aa
208 742 317 806 Asine.
363 739 518 806 Messenii
535 740 687 826 Pyliique
706 746 812 808 terras
831 743 942 806 colunt
964 743 996 804 et
1014 741 1087 824 ipsa
1105 739 1264 824 pelagos

207 827 307 912 Pylos
331 829 464 894 adiacet.
510 826 654 915 Cyllene,
676 827 857 915 Callipolis,
879 829 998 895 Patrae
1016 847 1110 892 oram
1133 827 1242 892 illam

206 921 319 982 tenent
342 918 497 1001 inquam
521 915 717 984 Chelonates
745 922 779 983 et
800 917 928 984 Araxos
952 919 1126 984 excurrunt
1131 965 1142 999 ,
1175 917 1241 981 sed

207 1002 340 1089 Cyllene
373 1005 460 1090 quod
491 1006 689 1072 Mercurium
721 1006 768 1072 ibi
799 1010 914 1072 natum
945 1005 1149 1070 arbitrantur
1186 1006 1241 1070 in-

207 1093 320 1180 signis.
365 1093 475 1160 Rhion
502 1095 633 1180 deinde,
659 1096 759 1160 maris
787 1095 821 1160 id
847 1115 968 1160 nomen
990 1097 1054 1179 est,
1083 1101 1237 1177 anguste

208 1187 241 1248 et
254 1183 344 1248 velut
356 1182 442 1249 freto
456 1182 544 1248 latus
560 1205 635 1250 orae
650 1183 813 1266 sequentis
827 1182 972 1248 incidens
986 1182 1073 1247 inter
1082 1179 1235 1247 Aetolos
1250 1203 1266 1241 a

154 1290 188 1341 ca
209 1276 242 1337 et
260 1271 553 1355 Peloponnesiacos
572 1293 673 1357 usque
700 1272 742 1336 ad
759 1270 910 1338 Isthmon
929 1269 1094 1355 inrumpit.
1133 1270 1174 1335 in
1195 1293 1237 1336 eo

209 1360 250 1425 ad
273 1360 512 1442 septentriones
536 1363 682 1444 spectare
706 1360 805 1426 litora
827 1359 996 1444 incipiunt.
1042 1359 1077 1423 in
1098 1357 1153 1423 his
1181 1365 1237 1425 est

207 1448 337 1532 Aegion
360 1451 393 1512 et
415 1448 537 1534 Aegira
560 1452 593 1513 et
616 1447 733 1531 Olyros
757 1452 792 1515 et
814 1446 943 1532 Sicyon,
967 1451 1002 1512 at
1023 1447 1058 1510 in
1081 1446 1235 1512 adversis

208 1535 331 1620 Pagae,
354 1532 499 1620 Creusis,
521 1537 693 1621 Anticyra,
715 1535 890 1621 Oeanthia,
916 1534 1034 1602 Cirrha
1061 1538 1094 1598 et
1115 1537 1234 1601 notior

209 1623 377 1707 aliquanto
397 1625 529 1692 nomine
547 1623 696 1710 Calydon
717 1628 752 1689 et
767 1623 897 1690 Eronos
917 1627 1010 1688 entra
1027 1622 1145 1690 Rhion.
1196 1626 1263 1688 inu

208 1712 395 1778 Acarnania
412 1713 553 1780 maxime
572 1715 661 1780 clara
680 1717 756 1780 sunt
777 1713 933 1798 oppidum
951 1711 1083 1794 Leucas,
1106 1711 1230 1778 flumen

154 1821 190 1870 54
208 1799 382 1868 Achelous.
422 1803 457 1866 in
478 1801 581 1888 Epiro
603 1803 686 1868 nihil
705 1801 882 1868 Ambracio
906 1801 979 1866 sinu
1001 1799 1142 1866 nobilius
1166 1807 1229 1866 est.

207 1888 286 1954 facit
310 1890 399 1956 sinus
423 1891 479 1975 qui
501 1892 649 1976 angustis
671 1890 820 1956 faucibus
844 1893 878 1953 et
900 1911 983 1974 quae
1006 1888 1113 1954 minus
1135 1889 1229 1956 mille

207 1977 359 2061 passibus
376 1977 645 2062 pateantgrandc
659 1981 796 2062 pelagus
811 1977 966 2061 admittit,
984 1976 1110 2042 faciunt
1126 1975 1225 2040 urbes

207 2087 289 2149 quae
313 2065 474 2131 adsident:
501 2065 648 2150 Actium,
670 2066 754 2150 Argi
776 2065 1014 2150 Amphilochii,
1040 2063 1227 2148 Ambracia,
1241 2087 1263 2126 ro

207 2153 424 2219 Aeacidarum
459 2154 551 2238 regia
586 2153 774 2239 Pyrrhique.
834 2153 1000 2221 Butroton
1040 2154 1129 2218 ultra
1165 2161 1228 2236 est,

209 2242 324 2308 deinde
343 2240 494 2308 Ceraunii
516 2245 645 2308 montes
652 2293 661 2326 ,
684 2242 726 2307 ab
749 2241 801 2307 his
824 2241 925 2316 flexus
948 2242 1051 2308 estin
1068 2239 1228 2307 Hadrian.

155 2350 189 2400 55
208 2330 271 2396 hoc
298 2351 387 2396 mare
414 2350 535 2415 magno
563 2352 692 2398 recessu
718 2331 852 2396 litorum
876 2334 1044 2416 acceptum
1073 2333 1106 2396 et
1132 2335 1228 2396 vaste

209 2417 339 2503 quidem
370 2419 406 2483 in
437 2419 644 2485 latitudinem
676 2423 806 2504 patens,
837 2441 902 2504 qua
932 2421 1083 2504 penetrat
1114 2421 1229 2484 tamen

207 2507 350 2591 vastius,
386 2507 529 2593 Illyricis
565 2529 668 2592 usque
701 2508 911 2594 Tergestum,
948 2511 1056 2574 cetera
1088 2505 1227 2573 Gallicis
1242 2529 1262 2568 a

206 2593 395 2678 Italicisque
422 2596 574 2682 gentibus
603 2597 755 2680 cingitur.
804 2595 960 2662 Partheni
988 2600 1021 2662 et
1046 2593 1227 2686 Dasaretae

279 2792 304 2840 3.
331 2802 490 2858 panypsum
521 2787 550 2840 A
580 2786 723 2840 Pamisum
760 2786 874 2843 Vossius
958 2794 983 2844 4.
1022 2786 1164 2858 cyparisso
1197 2789 1227 2841 A

209 2855 385 2938 cyparissos,
398 2858 498 2927 scrupos?
537 2925 543 2938 ι
573 2863 598 2912 5.
626 2856 748 2914 massoni
774 2857 803 2913 A
876 2864 905 2941 β,
933 2857 1043 2928 patriae
1070 2859 1099 2912 A
1125 2857 1227 2942 Patrae

206 2927 670 3083 hierarchas..
687 2934 735 3054 il·
756 2929 1094 3082 cicatrices
1108 2927 1226 3056 Ph?

209 3069 391 3263 iidfflggunti
413 3068 1227 3224 gfflydgnrss21yms(a1ffi>jrguacg⁰{3u33unt

209 3211 238 3264 A
252 3211 314 3265 adsi
334 3214 384 3292 ent
425 3227 525 3267 araon
565 3212 753 3281 amphilocius
767 3212 796 3267 A
810 3209 1002 3281 Amhrlochn
1019 3209 1162 3264 Vcdcauac
1198 3282 1204 3293 ι

208 3280 372 3336 ambrachra
390 3282 418 3335 A
490 3287 534 3340 21.
551 3297 640 3352 regna
657 3284 686 3338 A
708 3283 787 3354 regia
810 3283 961 3338 Rationes
1032 3283 1076 3333 22.
1095 3285 1228 3354 ceraunry's

208 3353 236 3407 A
289 3350 406 3407 flexibus
420 3353 449 3407 A
462 3351 549 3408 flexus
564 3355 609 3407 et
618 3353 745 3438 Purse'oa
799 3359 842 3408 28.
856 3349 1026 3433 magnnmA
1039 3365 1171 3418 magnos
1205 3423 1223 3436 ..

208 3423 322 3550 {opiner}
343 3423 606 3552 eelsituffinssmtlt.
624 3425 757 3494 1tahsquc
776 3423 804 3477 A
822 3423 984 3489 Itahcrsque
1006 3437 1023 3476 o
1084 3421 1225 3491 parthemr
