2610 4072
211 257 254 322 36
558 255 737 312 POMPONII
755 255 880 310 Munna

209 443 346 505 quarum
355 418 550 485 Pelleestet
535 419 745 484 tmaximaet
732 419 914 484 tinlustris
934 417 1059 484 alumni
1073 417 1242 498 efficiunt,

206 508 377 594 Philippus
394 507 548 574 Graeciae
567 507 717 592 domitor,
735 508 920 572 Alexander
938 507 1037 573 etiam
1050 505 1160 571 Asiae
1201 507 1241 570 in

208 597 249 662 lit
234 601 306 664 tore
330 597 432 662 flexus
455 595 727 682 Megybernaeus,
754 597 841 662 inter
863 595 1090 681 promunturia
1111 593 1238 660 Derim
1270 655 1271 660 ,

168 739 172 744 .
209 689 242 750 et
265 684 499 750 Canastraeum
527 688 560 749 ι
527 689 659 769 por
659 707 715 750 um
744 685 799 769 qui
823 682 953 786 Cophos
982 684 1062 749 dicit
1047 688 1101 749 tur
1130 684 1236 748 urbes

209 773 363 838 Toronen
394 776 428 838 et
458 771 652 856 Myscellam
684 777 783 858 atque
814 773 938 856 unde
929 773 993 856 rpsi
1024 792 1145 837 nomen
1181 779 1257 837 ests

208 860 445 946 Megybernam
472 861 621 948 incingit.
666 859 865 928 Oanastraeo
891 861 1117 946 promunturio
1143 859 1235 926 Sane

154 965 190 1016 35
209 949 360 1034 proxima
378 954 442 1033 est,
459 949 720 1036 Megybernaeus
739 954 849 1026 autem
867 951 902 1014 in
920 949 1037 1032 medio',
1056 971 1121 1033 qua
1139 952 1235 1016 terra

209 1038 266 1108 dat
295 1039 470 1124 gremium,
502 1039 628 1104 modice
655 1040 690 1103 in
716 1039 757 1103 lit
742 1042 817 1105 tora
844 1037 1034 1140 ingreditur
1084 1041 1236 1103 ceterum

209 1127 319 1212 longis
357 1128 432 1193 οι
422 1149 457 1192 ιιι
489 1127 637 1192 altum
628 1127 774 1192 inmissis
806 1127 964 1192 lateribus
1001 1126 1118 1210 ingens
1156 1127 1236 1192 inde

209 1215 471 1281 Thermaicus
445 1237 534 1280 smus
559 1216 699 1280 estin
722 1235 795 1279 eum
818 1213 921 1281 Axius
943 1236 1002 1299 per
1020 1213 1254 1300 MacedonaS,
1247 1235 1262 1271 ι

210 1305 338 1370 etiam
364 1325 423 1387 per
448 1302 624 1368 Thessalos
651 1301 777 1367 Peneus
806 1303 957 1369 excurrit.
1004 1306 1079 1370 ante
1107 1299 1236 1368 Axium

210 1392 442 1457 Thessalonice
467 1396 530 1476 est,
557 1392 643 1456 inter
669 1394 844 1476 utrumque
867 1389 1077 1475 Cassandria,
1105 1388 1236 1478 Gydna,

210 1479 340 1562 Aloros,
362 1478 492 1545 Itharis.
529 1479 674 1545 aPeneo
693 1481 735 1544 ad
754 1477 900 1582 Sepiada
912 1478 1038 1563 Oorynt
1038 1479 1114 1562 hya,
1137 1445 1236 1546 Meli-

210 1569 302 1652 boea,
322 1566 504 1634 Castanaea
521 1589 616 1653 pares
637 1567 678 1632 ad
696 1568 819 1632 famam
837 1569 902 1634 nisi
922 1567 1008 1652 quod
1027 1566 1234 1635 Philoctetes

154 1673 191 1723 ac
211 1658 362 1722 alumnus
379 1655 566 1722 Meliboean
584 1657 768 1722 inluminat.
813 1660 920 1722 terrae
938 1655 1110 1721 interiores
1131 1657 1262 1723 clariss

210 1747 357 1811 locorum
370 1745 582 1812 nominibus'
572 1745 718 1832 insignes
736 1767 839 1830 paene
852 1745 936 1810 nihil
949 1744 1093 1828 ignobile
1110 1744 1232 1812 ferunt.

210 1835 286 1900 hinc
304 1856 384 1900 non
411 1836 509 1920 longe
543 1838 594 1900 est
622 1833 795 1919 Olympus,
827 1834 882 1900 hic
908 1833 1024 1899 Pelion
1054 1831 1109 1897 hic
1137 1833 1233 1918 Ossa,

211 1925 340 1988 montes
365 1923 539 2008 gigantum
561 1922 675 1987 fabula
697 1922 851 2006 belloque
873 1921 1061 2004 memorati3
1083 1921 1137 1986 hic
1157 1921 1233 1988 Mu-

212 2033 323 2075 sarum
341 2024 459 2094 parens
473 2010 651 2094 domusque
664 2009 785 2094 Pieria3
804 2009 858 2074 hic
876 2010 1053 2076 novissime
1067 2009 1233 2074 calcatum

213 2097 311 2164 Graio
330 2097 464 2163 Herculi
483 2097 589 2163 solum
608 2098 711 2163 saltus
731 2096 884 2182 Oetaeus3
907 2099 960 2163 hio
984 2120 1076 2163 sacro
1094 2118 1230 2165 nemore
1246 2117 1262 2155 ιι

155 2203 193 2254 37
212 2187 338 2254 nobilia
364 2184 499 2271 Tempe3
526 2185 581 2251 hic
607 2185 764 2252 Libethra
791 2187 971 2253 carminum
997 2187 1113 2252 fontes.
1158 2190 1234 2252 tum

215 2277 280 2342 iam
316 2278 408 2341 vaste
441 2275 474 2340 et
505 2274 646 2341 multum
681 2275 869 2359 prominens
903 2275 1053 2359 Graecia,
1089 2279 1122 2339 et
1154 2275 1234 2342 dum

214 2365 381 2450 Myrtoum
409 2363 545 2450 pelagus
574 2363 725 2450 adtingat
752 2364 794 2429 ab
822 2364 1043 2448 septentrione
1073 2363 1108 2428 in
1135 2367 1236 2430 meri·

216 2454 301 2520 diem
324 2457 426 2538 vecta,
450 2475 514 2538 qua
539 2454 589 2519 eol
608 2453 712 2519 oritur
730 2451 884 2538 Aegaeis,
907 2475 971 2538 qua
990 2451 1108 2518 oceidit
1125 2450 1233 2519 Ioniis

215 2543 368 2608 fluctibus
393 2542 531 2608 obiacet.
576 2565 613 2608 ac
639 2542 791 2626 proximo
815 2541 960 2624 spatiosa
983 2545 1016 2606 et
1038 2539 1153 2606 Hellas
1176 2559 1261 2610 ιιο-ι·

292 2755 316 2802 1.
335 2749 425 2818 pelles
440 2747 468 2801 A
486 2746 565 2801 Pelle
584 2748 629 2801 est
646 2749 746 2829 scripsi
800 2748 908 2804 estante
925 2747 1167 2806 inlustrandae

217 2827 242 2876 3.
256 2818 496 2889 maegybernaeus
509 2817 537 2870 A
609 2824 634 2872 3.
649 2824 674 2872 4.
695 2816 809 2872 dirimet
826 2818 855 2873 A
873 2819 969 2874 Derim
987 2822 1016 2875 et
1034 2823 1134 2892 scripsi
1213 2829 1238 2880 4.

216 2891 398 2962 panastreum
421 2889 449 2942 A
471 2889 671 2943 Canastraeum
700 2889 853 2945 Pintionas
934 2891 1007 2962 chop
1009 2909 1040 2947 os
1067 2893 1095 2946 A
1123 2891 1161 2947 Co
1182 2892 1240 2949 hos

216 2961 344 3017 Boreion
415 2965 440 3014 ὅ.
464 2958 592 3012 teronem
615 2958 643 3012 A
715 2963 906 3016 6.canastreo
929 2962 957 3018 A
1020 2980 1088 3018 sena
1109 2962 1138 3017 A
1162 2909 1241 3020 dane

159 3043 164 3052 ’
217 3031 257 3088 Η.
289 3031 444 3102 Stephanae
529 3034 553 3084 7.
582 3029 901 3106 megybernae(usall>-
898 3033 936 3087 -A
968 3036 1085 3115 (litteras
1115 3035 1148 3088 ia
1179 3051 1241 3092 ras
1270 3043 1271 3088 3

217 3104 281 3159 add.
289 3031 353 3171 A⁸)
370 3102 416 3156 Me
454 3099 591 3155 bernaeus
610 3103 735 3158 autema
811 3111 836 3160 9.
858 3111 898 3160 10.
919 3106 993 3160 inter
1010 3105 1099 3158 maria
1116 3103 1144 3155 A
1167 3103 1242 3161 inde

218 3119 535 3229 Thermaicusllrseiae
608 3179 649 3227 11.
668 3173 781 3243 penitus
800 3174 828 3230 A
846 3175 954 3229 Peneus
972 3175 1118 3230 Barbarae
1193 3184 1244 3233 12.

216 3243 420 3298 thessalonices
444 3242 472 3296 A
501 3185 623 3311 1⁴8cynda
650 3245 678 3298 A
702 3243 723 3298 C
723 3244 799 3314 ydna
821 3245 967 3300 Barbarus
1039 3249 1080 3298 13.
1104 3256 1178 3310 peno
1211 3251 1245 3304 A

217 3314 344 3368 Peneon
417 3329 466 3384 sep
468 3312 516 3367 ida
534 3315 562 3368 A
581 3313 636 3386 Sep
637 3315 703 3370 iada
719 3333 740 3371 a
812 3321 854 3369 14
874 3313 1014 3370 castanias
1032 3315 1061 3367 A
1080 3311 1245 3374 Castanaea

221 3383 334 3439 Vinctus
405 3331 544 3440 filoetetes
563 3386 591 3440 A
664 3393 706 3442 15.
725 3385 902 3441 moeliboean
924 3384 951 3439 A
1022 3383 1174 3440 inluminat
1195 3390 1244 3443 A¹

217 3453 413 3508 illuminatA’
483 3463 524 3514 17.
544 3456 692 3528 olymphus
715 3456 756 3510 A¹
776 3456 904 3538 olympus
926 3454 966 3509 4¹
1039 3461 1083 3512 20
1101 3458 1184 3526 grato
1208 3462 1242 3514 A

218 3524 302 3581 Graio
321 3525 466 3582 Barbarae
538 3529 618 3582 cetus
637 3530 664 3582 A
737 3532 779 3584 25.
799 3527 910 3582 obiacet
927 3526 992 3584 add.
1011 3528 1039 3582 A
1058 3535 1121 3583 acte
1145 3545 1197 3584 om.
1217 3549 1242 3586 a
