2610 4072
281 238 465 295 cnoacce.
484 238 511 292 11
531 241 546 295 r
566 240 731 310 (ne-rec)
749 240 789 294 111
808 246 822 295 1
843 241 882 309 (1)
1044 237 1087 305 55

66 402 237 486 pestilens.
283 402 318 466 in
336 422 374 466 ea
391 402 588 486 populorum
611 401 833 486 antiquissimi
852 405 927 467 sunt
945 401 1088 485 Ilienses,

66 491 201 556 urbium
228 490 476 575 antiquissimae
503 487 629 556 Caralis
658 494 692 555 et
714 488 812 556 Sulci.
857 493 892 556 at
919 490 955 554 in
982 487 1090 556 Gallia
1100 507 1151 558 124

67 601 152 664 quas
174 578 296 644 referre
319 578 492 645 conveniat
518 578 608 643 solae
637 581 715 644 sunt
737 576 933 644 Stoechades
963 575 1005 644 ab
1033 597 1090 644 ora

69 667 230 752 Ligurum
258 667 305 732 ad·
322 665 505 732 Massiliam
531 687 634 751 usque
661 667 836 751 dispersae.
880 665 1028 732 Baliares
1055 667 1090 732 in

40 752 236 841 ⁶Hispauia
262 759 375 820 contm
397 752 651 820 Tarraconensia
672 754 771 820 litora
794 755 876 821 sitae
902 776 969 824 non
991 756 1089 839 longe

68 843 159 908 inter
177 865 211 908 se
232 842 366 926 distant,
384 846 417 906 ct
435 865 475 906 ex
492 842 599 926 spatio
619 843 671 908 sui
684 843 931 928 cognominibus
949 844 1089 927 acceptis

70 931 213 996 maiores
250 930 457 1014 minoresque
494 930 716 1014 perhibentur.
774 930 908 996 castella
944 936 1020 998 sunt
1055 932 1090 996 in

70 1017 253 1083 minoribus
279 1018 393 1083 Iamno
426 1021 460 1084 et
486 1017 602 1103 Mago,
632 1019 668 1083 in
699 1018 877 1086 maioribus
909 1018 1026 1084 Palma
1057 1025 1090 1086 et

69 1105 235 1171 Pollentia
248 1107 403 1172 coloniae.
434 1105 596 1172 Ilbusose
616 1107 750 1192 nogione
769 1107 988 1190 promunturii
1006 1107 1152 1191 quod125

27 1210 57 1252 ιο
71 1194 109 1258 in
138 1192 331 1260 Sucronensi
364 1195 437 1260 sinu
463 1194 648 1260 Ferrariam
674 1198 793 1261 vocant
819 1194 933 1261 eodem
960 1195 1091 1260 nomine

69 1283 186 1348 urbem
208 1281 322 1368 habet,
348 1283 520 1348 frumenta
548 1287 677 1350 tantum
704 1305 771 1350 non
798 1283 936 1349 fecunda
963 1281 1092 1350 adalia

70 1371 214 1454 largior,
241 1374 274 1436 et
301 1372 447 1437 omnium
475 1372 664 1438 animalium
687 1391 769 1457 quae
791 1375 912 1438 nocent
934 1372 1015 1437 adeo
1038 1393 1091 1436 ex·

70 1472 158 1543 pers,
180 1463 218 1524 ut
238 1480 280 1524 ne
303 1481 342 1525 ea
365 1459 494 1544 quidem
519 1481 601 1544 quae
624 1461 663 1526 de
689 1460 875 1545 agrestibus
898 1460 993 1526 mitis
1016 1464 1092 1526 sunt

72 1550 132 1611 aut
154 1551 287 1632 generet
310 1551 367 1614 aut
390 1549 418 1612 si
440 1548 569 1613 invecta
591 1552 668 1615 sunt
690 1549 859 1614 sustineat.
904 1552 1019 1613 contra
1042 1552 1092 1612 est
1103 1563 1153 1612 126

30 1650 59 1691 15
74 1632 270 1700 Colubraria
284 1637 374 1700 cuius
388 1636 577 1702 meminisse
592 1636 758 1720 succurrit
777 1636 863 1720 quod
877 1655 955 1700 cum
966 1640 1092 1701 scateat

71 1723 178 1788 multo
206 1744 244 1787 ac
270 1723 417 1788 malefico
446 1743 563 1808 genere
591 1723 790 1807 serpentium
813 1728 846 1788 et
873 1723 917 1789 sit
944 1723 1017 1789 ideo
1045 1723 1093 1787 in·

71 1809 275 1894 habitabilis,
293 1815 405 1876 tamen
422 1810 579 1896 ingressis
598 1833 670 1876 cam
689 1812 776 1876 intra
793 1810 827 1876 id
846 1811 986 1896 spatium
1006 1809 1093 1895 qnod

73 1896 256 1964 Ebusitana
282 1899 383 1964 humo
415 1899 752 1985 circumsignaverunt
783 1899 853 1965 sine
884 1899 1027 1984 pernicis
1059 1903 1093 1964 et

72 1989 169 2072 grata
192 1989 255 2070 est,
282 1987 386 2054 isdem
414 1987 482 2052 illis
510 1987 715 2071 serpentibus
749 1989 805 2073 qui
834 1987 957 2072 alioqui
985 1988 1092 2054 solent

34 2091 61 2130 ²⁰
76 2075 190 2141 obvios
214 2076 367 2161 adpetere
386 2076 575 2160 adspectum
595 2077 663 2142 eius
681 2077 834 2162 pulveris,
858 2076 986 2142 aliudve
1005 2075 1092 2161 quod

75 2163 179 2246 virus,
200 2166 313 2245 procul
337 2168 369 2230 et
392 2187 465 2232 cnm
487 2185 608 2249 pavore
631 2165 843 2250 fugientibus.

120 2547 355 2626 POMPONII
383 2547 551 2624 MELAE
579 2547 643 2626 DE
673 2547 1049 2627 OHOROGRAPHIA

492 2721 592 2791 Liber
614 2723 673 2793 III.

165 2863 262 2929 Dicta
291 2870 341 2929 cet
368 2887 425 2930 ora
447 2865 564 2932 Nostri
587 2867 701 2950 maris,
729 2867 835 2933 dictae
862 2867 988 2932 insulae
1011 2887 1092 2950 quas
1122 2845 1140 2908 Ῑ

40 2967 67 3008 2⁵
82 2951 296 3035 amplectitur.
340 2954 443 3016 restat
465 2953 520 3017 ille
544 2955 696 3020 circuitus
720 2977 817 3038 quem
839 2958 877 3019 ut
894 2954 989 3018 initio
1013 2955 1093 3018 dixi·
1122 2924 1136 2970 ¹

79 3061 149 3104 mus
191 3039 294 3125 cingit
330 3059 478 3104 oceanus.
538 3043 652 3127 ingens
689 3043 916 3125 infinitumque
956 3041 1093 3126 pelagus

147 3220 174 3268 2.
199 3212 302 3267 cereris
326 3213 354 3267 A
378 3213 485 3268 Caralis
510 3214 663 3269 Pictioaas
739 3219 763 3269 t.
787 3211 947 3284 hispaniam
969 3213 997 3267 A
1069 3221 1093 3271 8.

81 3300 157 3338 ramo
171 3285 200 3338 A
213 3285 309 3338 Iamno
324 3284 471 3341 Barbarus
525 3299 623 3354 parma
635 3283 664 3338 Δ
677 3283 805 3340 Palmae
865 3289 906 3341 15.
922 3283 1095 3340 columbaria

80 3355 108 3408 A
126 3353 288 3410 Colubraria
300 3372 321 3410 rc
394 3362 436 3410 19.
454 3371 519 3410 rara
531 3355 560 3410 A
577 3357 659 3425 grata
673 3354 786 3410 Outtios
804 3353 980 3411 chtemutt
1051 3364 1093 3413 20.

81 3423 243 3493 adspectum
255 3425 297 3480 1¹
311 3428 457 3496 aspectum
465 3427 508 3481 Δ*
553 3432 595 3482 20.
606 3431 649 3483 21.
664 3424 777 3480 aliudve
795 3427 936 3494 qotvems
946 3425 1094 3481 Aeliudre

82 3493 155 3563 quod
173 3493 249 3550 virus
267 3497 394 3553 Barsine
467 3504 509 3552 25.
528 3499 560 3551 ut
578 3502 642 3552 cate
659 3495 741 3550 initio
760 3513 811 3554 ora.
830 3497 858 3551 A
