2610 4072
188 243 229 306 12
527 241 705 297 POMPONII
723 241 848 296 Manen

188 408 316 490 absunt,
334 407 445 471 vultus
462 406 497 470 in
516 408 647 489 pectore
666 408 725 471 est.
762 403 890 488 Satyris
909 407 1038 488 praeter
1056 401 1210 485 effigiem

186 495 269 560 nihil
290 494 434 560 humani.
484 492 689 578 Aegipanum
714 515 795 579 quae
820 493 1003 568 celebratur
1030 513 1069 557 ea
1094 491 1210 557 forma
1278 499 1279 564 ς

188 587 246 648 est.
291 584 373 648 haec
397 582 436 646 de
459 581 579 648 Africa

151 649 172 714 9
274 670 374 736 Asiae
392 671 499 754 prima
517 693 593 755 pars
612 671 782 756 Aegyptus
802 667 1152 746 inter·(latabathmon
1171 671 1218 732 et·

186 760 329 843 Arabas3
357 758 486 824 abhoc
514 759 612 825 litore
635 762 766 845 penitus
793 759 942 824 immissa
964 759 1066 824 donec
1088 755 1208 822 Aethi·
1239 775 1254 815 a

187 848 297 932 opiam
316 849 413 914 dorso
431 849 603 934 contingat
622 849 664 914 ad
682 849 851 914 meridiem
868 848 1001 934 refugit.
1041 847 1130 911 terra
1150 866 1207 908 ex-

133 728 167 778 49

186 959 261 1020 pers
288 937 443 1002 imbrium
471 939 553 1003 mire
581 942 691 1004 tamen
718 937 836 1003 fertilis
866 941 899 1002 et
926 936 1095 1002 hominum
1123 934 1209 998 alio·

186 1047 322 1110 rumque
337 1026 527 1092 animalium
546 1027 743 1110 perfecunda
757 1027 952 1110 generatrix.
979 1024 1074 1091 Nilus
1093 1022 1209 1106 efficit,

134 1129 169 1180 50
189 1115 334 1180 amnium
352 1114 564 1181 inNostrum
582 1136 672 1180 mare
691 1114 926 1198 permeantium
945 1113 1115 1178 maximus.
1150 1111 1210 1176 hic

189 1226 228 1268 ex
250 1203 389 1269 desertis
411 1202 544 1268 Africae
565 1203 683 1268 missus
706 1223 766 1267 nec
790 1203 902 1267 statim
926 1201 1076 1286 navigari
1097 1199 1208 1264 facilis
1225 1218 1252 1257 1⁰

187 1313 247 1358 nec
276 1291 389 1356 statim
412 1289 509 1355 Nilus
537 1294 601 1374 est,
628 1297 661 1356 et
689 1312 761 1357 cum
784 1290 839 1369 aa
862 1291 1000 1375 simplex
1027 1310 1209 1374 saevusque

188 1379 364 1462 descendit,
383 1379 470 1444 circa
483 1378 617 1446 Meroen
630 1381 697 1445 late
711 1383 879 1464 patentem
892 1379 1032 1444 insulam
1045 1379 1080 1442 in
1093 1377 1208 1443 Aethi·

188 1467 298 1551 opiam
328 1466 530 1552 diffunditur,
564 1468 732 1553 alteraque
764 1471 858 1552 parte
889 1468 1070 1533 Astabores
1103 1467 1206 1532 altera

187 1555 313 1640 Astape
343 1555 447 1620 dictus
476 1561 534 1623 est.
584 1557 640 1622 ubi
672 1578 783 1622 rursus
815 1557 883 1622 coit
914 1556 961 1621 ibi
992 1577 1111 1620 nomen
1142 1554 1206 1619 hoc

135 1660 167 1710 51
189 1644 285 1728 capit.
333 1644 407 1710 inde
435 1647 557 1729 partim
586 1668 682 1731 asper
709 1646 830 1730 partim
857 1645 988 1730 navigia
1014 1645 1142 1729 patiens
1170 1644 1206 1708 in
1221 1661 1247 1700 1⁵

188 1737 364 1800 immanem
386 1735 505 1799 lacum
533 1734 676 1818 devenit,
709 1757 748 1800 ex
781 1756 844 1819 quo
877 1733 1050 1818 praecipiti
1080 1733 1206 1816 impetu

189 1843 339 1908 egressus
363 1826 396 1888 et
414 1822 617 1908 Tachempso
642 1825 779 1888 alteram
802 1824 941 1888 insulam
966 1821 1132 1906 amplexus
1153 1843 1206 1884 us-

190 1932 251 1995 que
280 1911 320 1974 ad
343 1910 585 1995 Elephantinen
612 1912 727 1976 urbem
754 1911 953 1996 Aegyptiam
982 1915 1075 1976 atrox
1102 1909 1204 1974 adhuc

188 1999 381 2083 fervensque
415 1998 563 2064 decurrit.
618 2005 688 2064 tum
721 1999 849 2064 demum
885 1999 1043 2082 placidior
1074 2000 1107 2060 et
1137 1997 1206 2060 iam

188 2089 271 2152 bene
297 2086 495 2171 navigabilis
522 2089 664 2171 primum
692 2087 784 2152 iuxta
811 2084 1023 2153 Cercasorum
1052 2083 1206 2170 oppidum
1220 2103 1248 2142 20

188 2175 307 2259 triplex
337 2197 408 2241 esse
436 2176 561 2260 incipit.
607 2175 720 2242 deinde
742 2178 853 2241 iterum
881 2177 1061 2261 iterumque
1084 2173 1204 2240 divisus

190 2265 231 2330 ad
249 2262 350 2330 Delta
372 2269 406 2329 et
428 2264 468 2330 ad
487 2263 599 2350 Melyn
620 2265 649 2330 it
670 2287 728 2350 per
751 2285 880 2331 omnem
898 2264 1086 2350 Aegyptum
1104 2283 1204 2348 vagus

189 2359 288 2440 atque
307 2353 481 2438 dispersus,
505 2359 693 2440 septemque
716 2355 751 2420 in
769 2377 826 2420 ora
846 2376 879 2419 se
899 2353 1047 2419 scindens
1067 2351 1204 2436 singulis

136 2460 169 2509 52
190 2447 301 2510 tamen
324 2445 459 2529 grandis
483 2445 653 2512 evolvitur.
697 2467 763 2511 non
781 2447 928 2528 pererrat
951 2446 1059 2507 autem
1078 2444 1204 2506 tanturn

189 2554 262 2598 eam
286 2532 342 2596 sed
365 2534 490 2597 aestivo
520 2533 625 2597 sidere
648 2533 812 2597 exundans
841 2532 940 2596 etiam
967 2531 1096 2613 irrigat,
1125 2529 1202 2594 adeo
1218 2546 1245 2586 ss

189 2619 379 2684 efficacibus
398 2620 491 2703 aquis
512 2620 552 2682 ad
572 2620 795 2703 generandum
815 2617 1038 2702 alendumque,
1060 2621 1098 2682 ut
1117 2639 1203 2702 prae·

188 2712 239 2774 ter
260 2705 295 2770 id
318 2706 404 2789 quod
423 2709 528 2771 scatet
545 2706 699 2789 piscibus,
721 2706 807 2790 quod
825 2706 1078 2789 hippopotamos
1098 2727 1202 2772 croco·

189 2794 336 2878 dilosque
358 2798 469 2859 vastas
492 2794 606 2860 beluas
635 2794 756 2880 giguit,
784 2793 912 2878 glaebis
935 2794 1034 2859 etiarn
1056 2795 1204 2859 infundat

189 2882 328 2966 animas,
361 2904 399 2947 ex
431 2884 565 2967 ipsaque
597 2883 696 2948 humo
729 2883 846 2948 vitalia
877 2882 1021 2968 effingat
1071 2881 1134 2948 hoc
1166 2904 1203 2946 eo

189 2969 400 3038 manifestum
428 2974 492 3056 est,
520 2971 605 3056 quod
631 2971 690 3037 ubi
718 2972 845 3040 sedarit
872 2973 996 3039 diluvia
1024 2994 1060 3038 ac
1085 2994 1118 3037 se
1142 2971 1203 3036 sibi
1216 2986 1247 3028 ³⁰

189 3061 343 3147 reddidit,
370 3083 428 3146 per
447 3065 605 3154 ‚umentes
634 3083 766 3146 campos
790 3061 947 3148 quaedam
971 3061 1114 3127 nondum
1136 3077 1203 3138 per·

261 3243 286 3289 4.
310 3243 336 3292 ὁ.
358 3235 464 3306 <Asiae
483 3267 517 3276 -
535 3235 664 3308 Arabas>
682 3237 710 3290 A
784 3242 825 3291 11.
850 3234 901 3304 <et
936 3249 984 3286 um
1001 3232 1028 3286 A
1102 3235 1143 3284 17.
1161 3228 1203 3281 ta

189 3305 340 3378 lems<csl>
359 3308 386 3360 A
405 3305 581 3378 Tachempso
599 3308 747 3363 Borboros
820 3309 862 3359 18.
881 3299 1082 3372 sephantilem
1100 3301 1129 3354 A
1141 3297 1201 3354 Ele-

189 3375 346 3447 phantinen
373 3375 525 3434 Piaticnca
609 3386 650 3434 19.
678 3375 808 3450 <et>iam
834 3377 863 3430 A
939 3379 981 3429 21.
1009 3372 1112 3426 iterum
1139 3373 1201 3428 add.

190 3448 345 3505 Salamas
417 3453 459 3503 28.
479 3449 571 3518 adque
589 3451 631 3505 A²
649 3449 734 3518 atque
753 3447 795 3501 A²
867 3451 910 3502 26.
929 3444 1061 3500 alendum
1079 3445 1144 3500 odd.
1162 3441 1202 3499 A²

262 3523 304 3574 27.
325 3517 548 3588 crocodillosque
566 3521 595 3574 A
668 3526 710 3575 31.
729 3518 857 3574 umentes
876 3519 917 3574 A¹
935 3516 1083 3572 humentes
1100 3516 1142 3571 A*
