2610 4072
212 207 255 271 60
558 204 739 260 POMPONII
755 203 881 261 MELAE

212 368 347 453 effluxit,
369 369 522 434 videlicet
544 371 581 431 ut
598 366 707 432 forent
725 368 765 432 ad
788 367 877 433 bella
894 367 1055 450 meliores,
1078 368 1254 431 aeternas

212 479 283 523 esse
307 458 431 522 animas
449 456 615 540 vitamque
640 455 776 520 alterum
797 456 839 520 ad
858 476 978 520 manes.
1023 454 1147 538 itaque
1172 476 1254 519 cum

212 547 348 611 mortuis
376 547 521 609 cremant
548 564 585 608 ac
608 543 776 609 defodiunt
804 548 881 628 apta
909 543 1105 608 viventibus.
1161 543 1251 608 olim

211 635 418 719 negotiorum
441 631 527 697 ratio
550 632 649 697 etiam
672 637 706 698 et
728 633 855 698 exactio
880 631 996 696 crediti
1024 630 1251 697 deferebatur

213 723 254 786 ad
281 721 417 803 inferus,
449 723 603 805 erantque
631 721 687 805 qui
714 743 748 786 se
776 721 811 785 in
841 740 940 805 rogos
975 740 1109 785 suorum
1151 720 1261 784 velut:

161 826 196 875 2ο
214 831 278 874 una
296 808 415 874 victuri
438 809 579 875 libenter
596 809 811 874 inmitterent.
855 809 947 893 regio
967 829 1064 892 quam
1082 808 1248 872 incolunt

214 897 321 962 omnis
341 895 480 963 Gomat'a
498 895 614 963 Gallia.
654 897 849 981 populorum
866 898 933 961 tria
951 917 1078 960 summa
1097 897 1248 960 nomina

214 989 305 1068 sunt,
336 986 619 1071 terminanturquc
655 986 762 1051 tluuiis
793 985 990 1069 ingentibus.
1039 1005 1199 1068 namque
1232 1007 1246 1048 a

213 1073 384 1158 Pyrenaeo
407 1074 448 1140 ad
467 1073 656 1139 Garunnam
674 1073 841 1158 Aquitani,
863 1073 904 1138 ab
926 1094 964 1137 eo
987 1073 1027 1138 ad
1047 1070 1245 1156 Sequanam

215 1161 340 1246 Celtae,
371 1162 447 1228 inde
476 1161 516 1227 ad
543 1161 693 1226 Rhenum
724 1161 891 1245 pertinent
916 1160 1046 1245 Belgae.
1096 1159 1244 1245 Aquita-

214 1273 332 1316 norum
360 1250 534 1314 clarissimi
562 1252 637 1314 sunt
663 1247 777 1331 Ausci,
805 1247 971 1314 Celtarum
993 1248 1138 1332 Haedui,
1168 1249 1243 1313 Bel·

215 1359 330 1422 garum
359 1336 508 1420 Treveri,
535 1336 695 1421 urbesque
723 1337 991 1421 opulentissimae
1018 1337 1054 1400 in
1081 1336 1241 1402 Treveris

215 1426 376 1510 Augusta,
398 1425 433 1489 in
451 1424 595 1490 Haeduis
613 1424 898 1509 Augustodunum,
920 1427 954 1490 in
972 1424 1089 1490 Auscis
1109 1424 1240 1490 Elium-

161 1513 355 1578 21berrum.
402 1511 557 1578 Garunna
583 1535 623 1580 cx
644 1513 812 1597 Pyrenaeo
839 1517 950 1578 monte
973 1513 1142 1597 delapsus,
1174 1515 1239 1578 nisi

216 1623 288 1666 cum
311 1600 449 1667 hiberno
478 1602 583 1668 imbre
607 1605 664 1667 aut
687 1603 803 1667 solutis
825 1601 954 1666 nivibus
981 1601 1152 1684 intumuit,
1185 1603 1259 1666 diur

215 1691 355 1757 vadosus
375 1693 408 1756 et
425 1691 479 1756 vix
496 1690 693 1776 navigabilis
712 1690 826 1756 fertur.
861 1689 970 1755 stubi
988 1688 1102 1754 obuius
1121 1693 1237 1754 oceani

217 1780 434 1846 exaestuantis
462 1781 646 1845 accessibus
675 1779 830 1845 adauctus
859 1782 922 1862 est,
950 1777 1118 1863 isdemque
1146 1783 1236 1844 retro

215 1868 437 1934 remeantibus
457 1889 532 1932 suas
551 1868 706 1950 illiusque
726 1887 826 1950 aquas
845 1867 924 1950 agit,
942 1866 1146 1950 aliquantum
1163 1868 1237 1949 ple·

80 1954 88 1960 ”
215 1956 303 2038 nior,
330 1959 363 2018 et
387 1957 508 2036 quanto
532 1955 637 2038 magis
660 1953 807 2036 procedit
834 1974 872 2018 eo
901 1953 1002 2018 latior
1028 1954 1080 2038 fit,
1106 1953 1144 2018 ad
1172 1975 1238 2036 po-

217 2046 374 2106 stremum
388 2041 500 2123 magni
513 2041 590 2106 freti
600 2041 730 2124 similis,
745 2062 805 2105 neo
818 2042 943 2106 maiora
956 2044 1085 2107 tantum
1098 2041 1260 2128 navigius

215 2129 349 2212 tolerat,
371 2149 485 2192 verum
507 2149 599 2193 more
621 2128 721 2192 etiam
742 2129 853 2213 pelagi
874 2129 1048 2194 saeuientis
1073 2150 1235 2214 exurgens

216 2218 320 2282 iactat
341 2216 536 2301 navigantes
559 2217 727 2300 atrociter,
750 2218 862 2302 utique
885 2220 914 2284 si
937 2217 1002 2284 alio
1025 2221 1142 2284 ventus
1168 2219 1235 2286 alio

164 2322 198 2371 22
217 2304 303 2369 unda
316 2305 522 2390 praecipitat.
553 2305 588 2372 in
607 2327 645 2371 eo
660 2309 711 2370 est
728 2306 836 2372 insula
849 2305 972 2373 Antros
990 2307 1121 2372 nomine
1133 2329 1235 2392 quarn

216 2392 356 2477 pendere
389 2396 422 2458 et
449 2393 566 2459 adtolli
594 2395 687 2480 aquis
719 2394 975 2461 increscentibus
1006 2394 1079 2460 ideo
1106 2395 1235 2462 incolae

216 2481 418 2564 existimant,
446 2483 618 2565 quiscum
640 2483 812 2549 videantur
838 2484 975 2549 editiora
1003 2483 1073 2567 quis
1096 2483 1259 2570 obiacets

217 2568 273 2634 ubi
297 2590 331 2634 se
354 2569 472 2634 fluctus
495 2570 645 2653 implevit
666 2570 725 2635 illa
748 2572 863 2656 operit,
884 2571 966 2636 haec
988 2575 1026 2637 ut
1048 2572 1136 2655 prius
1161 2577 1233 2639 ten·

217 2662 286 2722 tum
309 2657 467 2742 ambitur,
495 2661 527 2723 et
549 2656 635 2741 quod
658 2679 696 2722 ea
719 2658 836 2742 quibus
859 2663 934 2724 ante
957 2659 1047 2743 ripae
1070 2659 1233 2747 collesque

216 2767 257 2811 ne
276 2748 484 2810 cernerentur
502 2745 707 2829 obstiterant,
724 2749 803 2810 tunc
816 2747 905 2811 velut
922 2769 961 2812 ex
975 2747 1047 2813 loco
1067 2750 1233 2831 superiore

146 2851 198 2900 ’23
218 2833 387 2918 perspicua
409 2836 495 2898 sunt.
541 2833 581 2898 ab
602 2831 775 2899 Garunnae
799 2835 887 2901 exitu
906 2835 994 2905 latus
1017 2836 1098 2901 illud
1115 2836 1232 2923 incipit

288 3067 313 3116 6.
332 3057 509 3115 inmitterent
531 3060 573 3114 A¹
595 3059 781 3116 immitterent
803 3061 845 3116 Αἵ
916 3068 941 3117 9.
966 3060 1110 3131 aquitania
1130 3063 1158 3116 A

82 3187 85 3196 ,
218 3138 258 3188 13.
274 3134 412 3201 augausta
429 3130 471 3185 A¹
484 3132 605 3214 augusta
618 3130 659 3186 A’
713 3131 941 3202 augustodunum
954 3134 981 3187 A
1037 3139 1078 3188 14.
1094 3148 1229 3211 gunpnna

215 3203 256 3258 A¹
270 3217 398 3272 garunna
414 3199 455 3257 A¹
510 3201 636 3258 drlabsus
650 3203 691 3257 A¹
704 3219 773 3258 corr.
788 3202 921 3315 dplapsur
940 3219 956 3258 o
1012 3209 1053 3270 16.
1072 3203 1180 3270 vadosis
1201 3209 1227 3260 A

290 3330 330 3382 18.
350 3324 511 3397 illiusslfque
530 3326 558 3380 A
631 3333 673 3381 2ο.
693 3324 836 3398 navigatis
849 3327 877 3380 A
949 3333 992 3382 24,
1011 3326 1112 3382 adtolli
1129 3327 1167 3382 A¹
1184 3333 1226 3384 at

216 3395 350 3524 ppilgrmss
367 3402 461 3521 A’ll'
485 3395 575 3451 ambit
596 3398 624 3451 A
647 3395 808 3452 ambitura
880 3404 923 3453 28.
947 3396 1098 3452 obstiterat
1119 3398 1156 3454 A¹
1177 3400 1225 3454 ob-
