2610 4072
187 274 207 337 8
531 271 711 328 ΡΟΜΡΟΝΠ
728 271 853 328 MELAE

133 449 166 500 aa
186 437 302 502 melior
325 440 358 501 εὴ
376 435 516 522 segnitia
540 434 648 521 gentis
666 435 813 502 obscura.
859 455 898 500 ex
919 433 970 500 his
988 438 1098 500 lamen
1118 458 1202 522 quae

186 545 438 591 commemorare
465 546 532 589 non
557 524 650 609 piget
677 525 804 590 montes
834 528 909 589 sunt
936 523 996 589 alti
1019 525 1074 609 qui
1098 525 1200 591 conli-

184 618 308 684 nenler,
326 617 359 680 εὴ
387 614 478 698 quasi
507 612 546 679 de
573 612 732 678 industria
758 612 793 676 in
818 612 964 678 ordinem
992 613 1134 697 exposili
1157 614 1200 680 ob

184 723 353 767 numerum
372 699 504 785 Septem
527 702 570 767 ob
594 701 839 767 similitudinem
861 700 994 768 Fratres
1012 723 1198 786 nuncupan-

184 795 248 855 tur.
297 789 467 856 Tumuada
493 791 625 875 fluvius,
657 794 690 856 el
717 789 885 875 Rusigada
911 793 946 854 εὴ
973 787 1052 874 Siga
1078 812 1198 874 parvae
1229 814 1244 852 s

184 879 290 963 urbes,
308 881 341 943 el
358 883 472 964 portus
491 880 543 945 cui
561 877 684 964 Magno
707 884 758 945 est
775 899 957 965 cognomen
980 878 1023 943 ob
1046 880 1199 962 spatium.

183 965 337 1033 Mulucha
360 968 417 1034 ille
445 990 540 1053 quem
565 968 706 1034 diximus
737 969 844 1034 amnis
868 972 920 1034 esi
940 989 1028 1033 nunc
1052 969 1198 1052 gentium

184 1056 263 1122 olim
281 1077 458 1142 regnorum
477 1079 604 1143 quoque
623 1057 792 1141 terminus,
810 1056 933 1122 Bocchi
945 1056 1198 1144 lugurlhaeque'.

272 1145 326 1210 Ab
345 1168 383 1211 eo
396 1144 553 1211 Numidia
567 1144 606 1210 ad
622 1146 710 1230 ripas
726 1146 875 1230 exposita
887 1144 1030 1210 fluminis
1044 1143 1200 1229 Ampsaci

183 1235 291 1318 spalio
316 1234 445 1319 quidem
468 1255 566 1319 quam
588 1232 792 1299 Mauretania
811 1234 983 1319 angustior
1005 1237 1065 1318 est,
1087 1255 1200 1300 verum
1216 1255 1245 1295 ιο

183 1325 215 1386 el
234 1323 324 1387 culce
340 1322 446 1407 magis
465 1327 499 1387 et
517 1321 625 1387 ditior.
671 1321 801 1387 urbium
820 1344 901 1408 quas
920 1321 1023 1389 habet
1040 1322 1201 1388 maximae

183 1413 259 1474 sunl
282 1409 373 1476 Cirta
399 1410 513 1494 procul
542 1411 680 1490 amari,
708 1432 794 1476 nuuc
817 1410 1034 1486 Sittianorum
1063 1411 1200 1496 colonia,

182 1498 344 1582 quondam
371 1519 485 1584 regum
514 1499 642 1580 domus,
672 1503 705 1564 el
732 1521 805 1565 cum
829 1497 989 1584 Syphacis
1015 1498 1100 1565 foret
1123 1522 1200 1584 opu·

181 1586 374 1671 lentissima,
396 1587 448 1653 101
466 1587 507 1653 ad
530 1609 620 1654 mare
639 1588 813 1673 aliquando
833 1588 997 1674 ignobilis,
1019 1610 1105 1654 nune
1124 1589 1201 1673 quia

181 1673 282 1740 Iubae
309 1676 401 1761 regia
422 1675 486 1742 leil
509 1681 542 1741 εὴ
565 1676 650 1762 quod
674 1674 834 1744 Caesarea
855 1677 1018 1744 vocitatur
1042 1677 1243 1742 inlustrium

129 1779 161 1827 31
182 1764 266 1830 eitra
287 1764 384 1850 hanc,
411 1787 488 1832 nam
511 1767 546 1831 in
568 1766 675 1832 medio
697 1766 798 1832 ferme
821 1767 918 1835 litore
942 1766 1007 1832 sita
1030 1770 1093 1850 est,
1122 1763 1199 1832 Oar-

179 1851 273 1919 tinna
301 1856 334 1919 ei
357 1855 500 1920 Arsinna
528 1859 604 1920 sunl
632 1856 750 1939 oppida
778 1859 811 1920 el
837 1855 940 1920 Avisa
967 1855 1138 1921 castellum
1166 1859 1200 1920 et

180 1938 320 2006 haldrus
334 1942 425 2006 sinus
444 1948 478 2008 εὴ
492 1941 669 2007 Sardabale
688 1943 814 2007 fluvius.
852 1943 939 2008 ultra
953 1947 1199 2008 monumentum

72 2045 75 2052 ’
181 2049 349 2094 commune
368 2030 479 2115 regiae
497 2030 615 2114 gentis,
635 2028 750 2095 deinde
762 2029 904 2095 Icosium
921 2027 1076 2094 Rulhisia
1093 2029 1199 2112 urbes,

181 2115 348 2182 effluentes
366 2117 453 2182 inior
472 2139 527 2184 eas
541 2117 651 2183 Ausus
670 2121 703 2183 ei
717 2117 831 2184 Nabar
849 2119 976 2202 aliaque
995 2137 1078 2201 quae
1096 2117 1198 2182 laceri
1213 2139 1241 2179 ao

127 2220 161 2270 aa
179 2204 307 2270 nullum
338 2228 447 2272 rerum
479 2204 627 2272 famaeve
659 2205 862 2291 dispendium
892 2210 951 2272 ese.
1002 2205 1138 2272 interius
1167 2210 1200 2272 el

181 2295 278 2382 longe
306 2295 386 2360 salis
415 2317 435 2360 a
461 2295 570 2378 litore,
603 2295 631 2360 si
659 2295 756 2360 fidem
787 2316 840 2360 res
873 2295 975 2380 capit,
1007 2294 1126 2360 mirum
1159 2295 1199 2360 ad

111 2467 112 2470 Ἴ
179 2384 312 2450 modum
342 2385 455 2470 spinae
482 2383 620 2470 piscium
648 2385 807 2450 muricum
835 2390 1081 2469 ostrearumque
1113 2384 1201 2468 frag·
1285 2427 1286 2442 η

179 2478 290 2539 menia
313 2495 391 2540 saxa
414 2473 550 2559 adtrita,
573 2474 622 2540 uli
645 2475 765 2558 solenh,
792 2473 943 2540 fluctibus
967 2478 1002 2538 el
1023 2494 1090 2538 non
1112 2472 1199 2536 diffe-

178 2562 287 2627 rentia
309 2562 446 2626 marinis
468 2562 587 2627 infixae
610 2564 759 2627 caulibus
782 2561 942 2627 anchorae
966 2563 999 2626 εὴ
1027 2558 1093 2622 alia
1116 2558 1197 2622 eius·
1211 2576 1240 2617 as
1285 2567 1286 2574 ’

178 2649 268 2713 modi
296 2649 390 2733 signa
418 2653 516 2733 alque
548 2649 690 2733 vestigia
717 2649 809 2713 effusi
842 2648 921 2714 olim
951 2667 1054 2730 usque
1085 2645 1127 2710 ad
1159 2665 1197 2710 ea
1285 2719 1286 2738 χ

178 2737 251 2802 loca
273 2737 383 2820 pelagi
405 2736 440 2800 in
463 2736 585 2820 campis
608 2736 691 2800 nihil
716 2735 878 2800 alentibus
902 2756 973 2800 esse
995 2734 1198 2819 invenirique
1285 2739 1286 2774 i

177 2829 363 2890 narrantur.

267 2913 374 2998 Regio
393 2934 475 2997 quae
499 2912 644 2997 sequitu
662 2935 682 2978 a
703 2912 931 2996 promunturio
948 2911 1137 2997 Metagonio
1157 2912 1198 2978 ad

178 3002 263 3068 Aras
281 3002 512 3068 Philaenorum
535 3001 666 3087 proprie
684 3023 802 3068 nomen
821 3002 953 3069 Africae
971 3005 1117 3086 usurpata
1162 3002 1198 3066 in
1211 3019 1239 3059 ⁶0

179 3113 217 3156 ea
236 3095 312 3159 sunl
327 3091 446 3178 oppida
459 3090 570 3176 Hippo
585 3089 708 3176 Regius
728 3097 761 3158 et
774 3091 954 3158 Rusiccade
969 3095 1004 3156 εὴ
1017 3089 1196 3154 Thabraca.

130 1199 165 1249 30

126 2968 158 3017 33

250 3319 474 3374 monumentor
487 3321 515 3375 A
529 3317 709 3374 continenler
726 3335 747 3373 a
820 3323 860 3373 12.
876 3316 967 3371 circha
980 3316 1008 3369 A
1083 3321 1124 3370 14.
1139 3313 1198 3370 iola

177 3409 204 3462 A
223 3405 266 3461 Iol
284 3407 432 3462 Barbarae
486 3413 527 3464 1⁶.
548 3423 678 3463 caesarea
695 3405 736 3462 A¹
756 3420 888 3460 caesarea
906 3403 948 3459 Δί’
1001 3383 1130 3471 illustris
1154 3403 1198 3458 Α1

249 3483 294 3534 22.
312 3477 414 3533 altiore
431 3477 460 3532 A
479 3494 497 3531 a
517 3477 603 3534 litore
622 3497 638 3534 o
711 3483 753 3533 24.
778 3475 884 3531 adtrita
902 3473 943 3529 Al
967 3473 1068 3528 aranu
1085 3475 1127 3529 A*

177 3556 220 3606 26.
245 3549 344 3618 adque,
358 3549 400 3603 Αι
423 3549 508 3618 aeque
531 3550 574 3604 A*
647 3555 690 3605 30.
712 3546 859 3604 filenomm
881 3547 909 3600 Α
