2610 4072
392 256 574 314 ouonoou.
594 259 606 314 1
627 264 650 315 1.
670 264 686 314 a
706 259 817 327 (4-11)
1095 257 1115 322 3

99 427 258 490 terrarum
281 423 367 489 iacet
390 444 409 487 a
432 421 516 489 freto
540 421 582 487 ad
605 443 644 486 ea
661 421 795 486 flumina
819 421 860 486 ab
885 420 990 486 altero
1013 421 1116 486 latere

99 511 244 577 Africam
271 533 437 596 vocamus,
465 512 507 577 ab
531 511 634 576 altero
658 509 826 594 Europen,
855 510 941 574 ultra
965 509 1117 594 quicquid

98 605 150 667 est
172 599 418 754 A[diibrissthunc
446 711 463 754 e
490 689 639 773 partibus
665 688 776 771 tangit
804 709 956 771 oceanus,
984 687 1032 752 ita
1059 667 1157 794 no„2

72 778 241 845 ominibus
264 781 303 844 ut
325 779 407 845 locis
426 777 585 860 differens,
607 775 696 842 Eous
720 776 761 841 ab
784 777 919 860 oriente,
943 799 963 842 a
984 775 1118 842 meridie

98 866 243 951 Indicus,
275 890 294 932 a
327 867 548 950 septentrione
582 863 765 947 Scythicus.
815 867 888 949 ipsa
920 865 1048 952 ingenti
1080 886 1120 931 ac

12 1009 13 1018 ,
99 958 257 1038 perpetua
283 955 391 1020 fronte
418 975 514 1020 versa
540 954 581 1019 ad
609 951 765 1019 orientem
794 957 922 1018 tantum
948 953 996 1019 ibi
1025 975 1059 1019 se
1082 954 1119 1018 in

12 1047 13 1050 ’
100 1040 307 1108 latitudinem
326 1041 461 1108 effundit
479 1045 637 1126 quantum
650 1039 781 1125 Europe
800 1045 832 1106 et
850 1041 963 1107 Africa
979 1047 1013 1108 et
1031 1041 1118 1128 quod

99 1132 187 1197 inter
209 1130 322 1196 ambas
345 1131 481 1216 pelagus
504 1131 678 1197 inmissum
701 1133 759 1196 est.
805 1129 880 1196 inde
904 1151 977 1196 cum
997 1130 1120 1214 aliqua-

59 1225 194 1286 1otenus
224 1218 330 1284 solida
355 1219 526 1304 processit,
555 1241 595 1285 ex
623 1219 682 1284 illo
706 1240 826 1286 oceano
855 1239 951 1304 quem
973 1217 1119 1284 Indicum

99 1309 255 1393 diximus,
286 1307 463 1376 Arabicum
495 1330 585 1375 mare
618 1313 651 1374 et
679 1307 859 1392 Persicum,
891 1329 931 1374 ex
963 1305 1118 1392 Scythico

100 1395 255 1482 Caspium
278 1397 409 1482 recipit,
433 1399 466 1463 et
488 1397 644 1482 ideoque
665 1395 782 1480 recipit
801 1397 981 1481 angustior,
1003 1418 1117 1463 rursus

100 1485 305 1570 expanditur,
323 1489 356 1552 et
369 1486 408 1551 fit
425 1490 494 1552 tam
513 1487 583 1552 late
601 1507 698 1571 quam
714 1485 830 1550 fuerat.
867 1484 942 1550 dein
961 1507 1033 1551 cum
1051 1485 1119 1550 iam

99 1575 135 1639 in
163 1596 257 1641 suum
283 1575 382 1640 finem
409 1575 609 1660 aliarumque
635 1579 798 1640 terrarum
822 1573 962 1639 confinio
989 1573 1120 1640 devenit

60 1683 87 1724 15
100 1663 210 1729 media
222 1664 345 1729 nostris
365 1664 559 1748 aequoribus
574 1663 744 1747 excipitur,
761 1662 887 1746 reliqua
901 1662 1004 1728 altero
1019 1683 1119 1728 cornu

100 1747 1171 1923 cumfusum}teuscususcha1⁰

101 1927 223 1993 incedit
240 1927 289 1992 ita
307 1949 366 1995 sua
384 1928 485 1994 litora
502 1928 657 2014 porrigit,
676 1926 755 1992 dein
764 1889 804 1992 fi'r
821 1926 966 1996 venienti
980 1927 1119 2011 obviam,

101 2019 135 2082 et
151 2017 295 2101 primum
318 2039 352 2082 se
370 2017 495 2104 ingenti
515 2018 641 2083 ambitu
659 2016 825 2102 inmutat,
845 2021 922 2102 post
940 2037 975 2081 se
993 2016 1120 2102 ingenti

60 2123 86 2165 ao
100 2104 209 2171 fronte
224 2105 265 2170 ad
278 2104 558 2191 Hellesponticum
576 2106 698 2171 fretum
712 2104 872 2189 extendit,
891 2105 932 2170 ab
948 2126 986 2170 eo
1000 2104 1119 2170 iterum

101 2194 236 2279 obliqua
255 2194 297 2260 ad
313 2194 530 2280 Bosphorum,
547 2196 668 2261 iterum
685 2194 869 2278 iterumque
888 2193 929 2258 ed
946 2193 1119 2260 Ponticum
1226 2255 1228 2260 .

100 2283 189 2348 latus
212 2304 318 2367 curva,
342 2283 466 2350 aditum
483 2283 666 2350 Maeotidos
688 2286 877 2348 transverso
896 2282 1044 2368 margine
1063 2280 1118 2346 ad-

101 2369 213 2452 tingit,
230 2371 336 2451 ipsam
355 2372 479 2454 gremio
498 2371 539 2436 ad
552 2371 678 2436 Tanain
694 2392 797 2453 usque
815 2370 973 2452 conplexa
990 2369 1029 2434 fit
1047 2370 1119 2452 ripa

102 2480 167 2543 qua
195 2455 316 2522 Tanais
343 2462 403 2524 est.
447 2458 482 2524 in
510 2480 548 2524 ea
574 2459 697 2542 primos
725 2458 893 2524 hominum
923 2457 964 2523 ab
992 2457 1170 2524 orientem

60 2566 86 2606 sc
101 2546 279 2630 accipimus
305 2545 404 2612 Indos
435 2551 468 2612 st
495 2545 591 2613 Seras
624 2550 658 2612 et
689 2545 836 2631 Scythas.
887 2544 979 2613 Seres
1011 2546 1119 2612 media

100 2635 202 2702 ferme
228 2633 319 2700 ane
345 2635 450 2720 partis
482 2637 643 2720 incolunt,
669 2635 743 2701 Indi
771 2641 799 2701 et
825 2634 956 2720 Scyllum
987 2636 1118 2702 ultimae

101 2723 198 2790 ambo
217 2725 283 2789 late
301 2727 450 2808 patentes
463 2747 567 2810 neque
586 2725 621 2790 in
639 2725 700 2791 hoo
713 2728 842 2791 tantum
860 2726 996 2812 pelagus
1016 2724 1118 2790 effusi.

101 2817 250 2897 spectant
280 2814 367 2878 enim
395 2814 495 2878 etiam
521 2813 692 2880 meridiem
718 2813 805 2899 Iudi,
834 2835 987 2899 oramque
1014 2813 1120 2879 Indici

101 2901 215 2986 muris,
241 2903 308 2968 nisi
335 2901 441 2987 quoad
469 2906 578 2968 aestus
601 2903 849 2969 inhabitabilem
877 2903 1034 2988 efficiunt,
1063 2901 1120 2967 diu

61 2989 263 3054 moontinuis
283 2989 434 3074 gentibus
450 2995 618 3074 occupant.
656 2996 805 3076 spectant
818 2996 852 3057 et
866 2991 1120 3076 septentrionem

103 3075 258 3162 Scythae,
285 3098 323 3141 ao
345 3076 425 3141 litus
449 3073 650 3163 Scythicum,
677 3081 741 3145 nisi
764 3080 847 3144 unde
870 3077 1047 3164 frigoribus
1071 3100 1119 3144 ar·

173 3259 197 3308 2.
212 3259 277 3322 poet
290 3250 422 3322 Europen
440 3252 505 3307 add.
520 3250 562 3304 Α2
580 3252 612 3306 tn
629 3269 714 3324 marp.
729 3252 860 3320 inferiore
877 3251 915 3306 ad
932 3251 1000 3308 nilla
1020 3251 1115 3308 afiiea.

101 3323 138 3378 ad
150 3322 257 3378 tanain.
272 3338 398 3392 europem
414 3340 457 3378 om
476 3323 518 3378 A²
590 3327 615 3378 2.
630 3329 655 3378 3.
670 3329 695 3377 4.
711 3321 848 3396 <ultra-
865 3321 980 3396 lm>git
992 3324 1021 3377 A
1093 3331 1117 3380 6.

102 3393 245 3464 schyticus
258 3395 287 3448 A
359 3400 384 3450 8.
403 3393 584 3448 altitudinem
602 3395 631 3450 A
693 3400 746 3450 nt.
764 3393 828 3464 ipsa
845 3395 873 3448 A
891 3394 982 3466 ipsam
1006 3395 1118 3452 Vossius

154 3466 300 3593 ἡαωῑβέγΔ
320 3464 437 3536 ooplexa
454 3467 483 3520 A
538 3472 581 3522 26.
601 3468 631 3520 et
650 3465 772 3535 Scythae
786 3473 851 3536 post
869 3465 933 3522 Indi
952 3467 1016 3523 add.
1035 3467 1118 3522 editio

12 3609 14 3634 ,
101 3555 127 3591 o.
147 3541 219 3592 1477
264 3539 359 3594 mettis
376 3539 507 3607 impressa

921 3625 957 3679 1*
