2610 4072
193 261 215 322 4
541 258 721 314 POMPONlI
739 259 865 315 MELAE

142 438 174 486 12
195 426 324 507 cantur,
356 445 458 508 usque
493 423 533 486 ad
565 420 721 506 Caspium
752 423 860 488 sinum
892 423 1068 507 possident.
1122 425 1215 493 Indis

194 511 344 596 proxima
368 515 418 577 est
435 509 567 594 Ariane,
590 510 704 575 deinde
723 511 804 577 Aria
826 515 859 576 et
878 509 1028 577 Cedrosis
1053 516 1086 578 et
1103 512 1215 580 Persis

195 600 236 665 ad
260 601 365 666 sinum
388 599 555 665 Persicum
578 620 650 664 sss.
693 600 781 666 hunc
808 601 922 685 populi
944 598 1118 666 Persarum
1146 624 1215 667 am-

193 689 298 770 biunt,
320 689 415 753 illum
435 689 574 754 alterum
591 687 729 754 Arabes.
774 689 815 754 ab
838 689 891 754 his
909 689 994 774 quod
1013 690 1048 755 in
1065 689 1214 756 Africam

194 781 298 844 restat
320 777 520 862 Aethiopum
545 781 602 843 est.
648 777 718 843 illic
741 775 896 862 Caspiani
918 775 1050 862 Scythis
1072 779 1215 864 proximi
1244 796 1281 837 δ’

195 866 301 932 sinum
320 863 476 951 Caspium
495 866 638 952 oingrmt.
682 867 771 932 ultra
788 866 970 932 Amazones
989 867 1139 952 ultraque
1158 890 1213 933 eas

142 971 175 1022 13
195 954 399 1040 Hyperborei
417 977 488 1020 esse
505 957 737 1021 memorantur.
773 956 933 1021 interiora
951 960 1111 1021 terrarum
1129 958 1213 1023 mul·
1280 981 1281 1008 ³

193 1048 247 1108 tae
270 1045 444 1129 variaeque
472 1047 586 1129 gentos
608 1045 774 1127 habitant,
802 1044 945 1110 Gandari
960 1048 1002 1110 -et
1023 1045 1157 1110 Pariani
1180 1049 1213 1111 et

193 1133 319 1218 Bactri,
351 1131 521 1218 Sugdiani,
552 1131 858 1217 Pharmaootrophi‚
888 1131 1083 1217 Chomarae,
1110 1131 1213 1198 Choa-
1280 1217 1281 1220 Ἴ

124 1217 126 1222 ’
194 1223 293 1307 mani,
315 1220 566 1307 Propanisadae,
589 1219 703 1285 Dahae
726 1242 822 1304 super
846 1218 983 1304 Scythas
1002 1219 1255 1304 Scytharum-1⁰

152 1387 155 1390 .
195 1333 258 1396 que
282 1311 420 1392 deserta,
443 1329 482 1376 ac
505 1330 600 1392 super
618 1307 774 1391 Caspium
797 1309 904 1373 sinum
927 1307 1068 1394 Comari,
1090 1308 1212 1376 Massa·

194 1402 304 1483 getae,
332 1396 465 1476 Cadusi,
494 1396 653 1482 Hyrcani,
679 1395 809 1478 Hiberi,
842 1407 938 1481 super
966 1397 1150 1465 Amazonas
1179 1404 1212 1464 et
1280 1403 1281 1472 l

193 1486 424 1571 Hyperboreos
457 1482 639 1570 Cimmerii,
675 1484 846 1570 Cissianti,
883 1485 1021 1570 Achaei,
1058 1485 1211 1574 Georgili,

193 1575 338 1660 Moschi,
356 1574 522 1658 Cercetae,
545 1573 726 1658 Phoristae,
748 1573 953 1658 Rimphaccs,
977 1579 1076 1660 atque
1098 1576 1155 1640 ubi
1176 1576 1211 1640 in

102 1669 105 1673 '
193 1668 307 1730 nostra
329 1665 435 1729 maria
457 1666 581 1729 tractus
605 1662 731 1728 excedit
748 1661 896 1748 Matiani,
918 1662 1075 1729 Tibareni
1099 1667 1253 1729 erno-1⁵

194 1754 280 1819 tiora
298 1754 365 1818 iam
383 1754 514 1820 nomina
530 1751 629 1836 Medi,
646 1750 801 1836 Amcnii,
820 1743 1039 1838 Commageni,
1057 1751 1212 1837 Murrani,

193 1841 325 1927 Vagati,
351 1840 574 1927 Cappadoces,
602 1840 820 1926 Gallograeci,
848 1841 1028 1926 Lycaones,
1055 1841 1211 1928 Phryges,

144 1947 178 1995 14
196 1930 335 2014 Pisidae,
356 1930 471 2011 isauri,
493 1928 587 2014 Lydi,
606 1927 811 2012 Syrocilices.
856 1951 967 1994 rursus
992 1952 1031 1995 ex
1053 1931 1106 1994 his
1130 1952 1210 2014 quae

194 2017 363 2084 meridiem
378 2021 594 2102 spectantes*
608 2016 802 2099 eaedemque
816 2021 930 2101 gentes
944 2018 1101 2083 interiora
1114 2017 1211 2083 litora

193 2109 305 2172 tonent
331 2128 433 2192 usqua
466 2105 506 2170 ad
539 2106 646 2170 sinum
671 2104 846 2172 Persicum.
896 2126 993 2189 super
1021 2104 1107 2172 hunc
1135 2113 1210 2172 sunt
1223 2123 1252 2164 ¹⁰

194 2194 309 2260 Parthi
337 2199 370 2259 et
392 2194 531 2278 Assyrii,
560 2214 656 2277 super
678 2192 773 2258 illum
801 2194 939 2258 alterum
961 2192 1152 2279 Babylonii,
1178 2200 1211 2261 et

196 2306 293 2369 super
316 2283 497 2367 Aethiopas
521 2282 686 2368 Aegyptii.
731 2280 812 2366 ripis
835 2281 905 2348 Nili
934 2283 1038 2348 amnis
1068 2289 1101 2349 et
1128 2286 1211 2350 mari
1280 2331 1281 2366 ,

197 2373 345 2458 proxima
367 2373 454 2439 idom
473 2370 630 2458 Aegyptii
653 2370 829 2456 possident.
874 2372 989 2439 deinde
1012 2371 1136 2439 Arabia
1157 2395 1210 2438 an-
1280 2375 1281 2434 t

196 2467 294 2548 gusta
321 2462 429 2528 fronte
458 2461 626 2547 sequentia
654 2461 753 2526 litora
781 2460 933 2545 adtingit.
979 2463 1021 2526 ab
1049 2483 1209 2544 sausque

196 2549 237 2615 ad
260 2551 377 2614 flexum
404 2550 496 2614 illum
524 2570 620 2634 quem
644 2571 753 2632 supra·
768 2550 956 2614 rettulimus
979 2547 1088 2630 Syria,
1116 2552 1149 2610 et
1175 2547 1211 2611 in
1225 2563 1253 2604 2⁵

195 2638 267 2720 ipso
295 2637 379 2702 flexu
407 2635 535 2719 Cilicia,
567 2641 659 2700 extra
686 2639 794 2700 autem
822 2636 923 2719 Lycia
950 2639 983 2698 et
1009 2634 1210 2720 Pamphylia,

196 2723 307 2809 Caria,
334 2725 441 2807 Ionia,
468 2724 592 2807 Aeolis,
624 2723 726 2789 Troas
754 2743 856 2806 usque
883 2723 925 2787 ad
951 2721 1211 2808 Hellespontum.

196 2815 237 2878 ab
262 2834 299 2878 eo
327 2812 464 2897 Bithyni
492 2815 569 2878 sunt
596 2812 637 2875 ad
663 2810 838 2876 Thracium
865 2811 1080 2897 Bosphorum.
1126 2813 1211 2880 circa

195 2902 337 2967 Pontum
365 2902 490 2985 aliquot
516 2900 630 2984 populi
658 2899 723 2965 alio
752 2900 882 2985 alioque
911 2901 975 2967 fine
1007 2924 1071 2967 uno
1100 2923 1210 2969 omnes

267 3047 293 3097 2.
313 3039 421 3096 ariatne
440 3040 481 3094 A¹
499 3038 614 3094 ariadne
633 3039 674 3094 A'
692 3038 796 3095 Ariane
815 3041 962 3097 Burburus
1034 3049 1058 3096 3.
1083 3043 1211 3098 incurram

192 3119 257 3183 post
274 3111 417 3167 Persicum
434 3112 571 3167 indicauit
588 3111 714 3167 Bursian
782 3116 806 3167 5.
827 3111 920 3180 scythi
938 3112 966 3165 A
1042 3119 1067 3166 9.
1086 3109 1210 3164 subsiani

199 3183 227 3236 A
242 3183 378 3253 Sogdiani
396 3183 507 3238 Vossius
563 3189 605 3240 10.
624 3199 743 3253 ropanes
763 3185 790 3236 A
803 3181 857 3237 Pro
879 3182 1011 3236 anisadao
1030 3182 1157 3236 Bursian

200 3260 241 3308 13.
261 3254 328 3307 oissi
346 3254 493 3308 anthiaoae
513 3252 541 3307 A
560 3252 702 3322 Cissianti,
720 3252 826 3307 Achaei
868 3253 955 3308 ossius
1028 3257 1069 3306 14.
1089 3250 1209 3305 consitae
1280 3271 1281 3282 ¹

197 3324 226 3377 A
241 3322 372 3380 Cercetae
388 3325 542 3382 Phalara
616 3331 656 3379 15.
674 3323 745 3377 mati
763 3322 922 3377 antibarani
940 3322 967 3378 A
981 3321 1107 3390 Matiani,
1127 3321 1210 3376 Tiba

198 3394 259 3447 rani
274 3393 439 3450 Rcinoldiua
493 3402 538 3450 16.
550 3395 719 3466 armeuillA
734 3395 801 3462 (fuit
814 3392 834 3463 i)
891 3400 931 3449 19.
946 3395 1082 3449 commite
1099 3393 1211 3450 deam
1280 3453 1281 3456 ,

197 3465 321 3522 Arabico
335 3466 410 3520 dictu
423 3465 622 3522 batmoidarmt
679 3471 722 3520 12.
737 3463 916 3546 aegyptiylA
983 3471 1026 3520 23.
1040 3463 1168 3536 proximo
1182 3465 1212 3518 A

271 3542 313 3591 28.
333 3534 439 3591 bithini
456 3536 497 3589 A²
514 3535 628 3604 bithyni
646 3535 687 3590 Al
758 3541 802 3589 29.
821 3535 878 3590 aha
897 3534 937 3590 A¹
955 3533 1012 3589 alio
1032 3535 1072 3589 A'
