<?xml version="1.0" encoding="UTF-8"?>
<!DOCTYPE html PUBLIC "-//W3C//DTD XHTML 1.0 Transitional//EN"
    "http://www.w3.org/TR/xhtml1/DTD/xhtml1-transitional.dtd">
<html xmlns="http://www.w3.org/1999/xhtml" xml:lang="en" lang="en">
 <head>
  <title>
</title>
<meta http-equiv="Content-Type" content="text/html;charset=utf-8" />
  <meta name='ocr-system' content='tesseract 3.04.00' />
  <meta name='ocr-capabilities' content='ocr_page ocr_carea ocr_par ocr_line ocrx_word'/>
</head>
<body>
  <div class='ocr_page' id='page_1' title='image "./pomponiimelaede04melagoog_0077.png"; bbox 0 0 2610 4072; ppageno 0'>
   <div class='ocr_carea' id='block_1_1' title="bbox 213 217 881 284">
    <p class='ocr_par' dir='ltr' id='par_1_1' title="bbox 213 217 881 284">
     <span class='ocr_line' id='line_1_1' title="bbox 213 217 881 284; baseline 0.004 -13"><span class='ocrx_word' id='word_1_1' title='bbox 213 217 256 284; x_wconf 79' lang='grc'><strong>62</strong></span> <span class='ocrx_word' id='word_1_2' title='bbox 558 217 737 276; x_wconf 70' lang='lat' dir='ltr'><strong>Pomponii</strong></span> <span class='ocrx_word' id='word_1_3' title='bbox 754 218 881 276; x_wconf 73' lang='lat' dir='ltr'><strong><em>MELAE</em></strong></span> 
     </span>
    </p>
   </div>
   <div class='ocr_carea' id='block_1_2' title="bbox 160 379 1255 467">
    <p class='ocr_par' dir='ltr' id='par_1_2' title="bbox 160 379 1255 467">
     <span class='ocr_line' id='line_1_2' title="bbox 160 379 1255 467; baseline 0.001 -19"><span class='ocrx_word' id='word_1_4' title='bbox 160 397 194 448; x_wconf 80' lang='lat'><strong>28</strong></span> <span class='ocrx_word' id='word_1_5' title='bbox 214 383 304 466; x_wconf 90' lang='lat' dir='ltr'><strong>ipsos</strong></span> <span class='ocrx_word' id='word_1_6' title='bbox 327 403 410 466; x_wconf 86' lang='lat' dir='ltr'><strong>quae</strong></span> <span class='ocrx_word' id='word_1_7' title='bbox 436 382 544 448; x_wconf 88' lang='lat' dir='ltr'><strong>iacent</strong></span> <span class='ocrx_word' id='word_1_8' title='bbox 567 383 661 446; x_wconf 81' lang='lat' dir='ltr'><strong>vasta</strong></span> <span class='ocrx_word' id='word_1_9' title='bbox 688 380 764 448; x_wconf 86' lang='lat' dir='ltr'><strong>sint</strong></span> <span class='ocrx_word' id='word_1_10' title='bbox 809 381 860 448; x_wconf 88' lang='lat' dir='ltr'><strong>ius</strong></span> <span class='ocrx_word' id='word_1_11' title='bbox 887 380 923 448; x_wconf 88' lang='lat' dir='ltr'><strong>in</strong></span> <span class='ocrx_word' id='word_1_12' title='bbox 949 379 1073 448; x_wconf 69' lang='lat' dir='ltr'><strong>viribus</strong></span> <span class='ocrx_word' id='word_1_13' title='bbox 1096 380 1255 467; x_wconf 83' lang='lat' dir='ltr'><strong>habent,</strong></span> 
     </span>
    </p>
   </div>
   <div class='ocr_carea' id='block_1_3' title="bbox 133 468 1264 2656">
    <p class='ocr_par' dir='ltr' id='par_1_3' title="bbox 133 468 1264 2656">
     <span class='ocr_line' id='line_1_3' title="bbox 214 468 1252 554; baseline -0.002 -16"><span class='ocrx_word' id='word_1_14' title='bbox 214 471 295 538; x_wconf 87' lang='lat' dir='ltr'><strong>cdeo</strong></span> <span class='ocrx_word' id='word_1_15' title='bbox 313 475 406 538; x_wconf 89' lang='lat' dir='ltr'><strong>utne</strong></span> <span class='ocrx_word' id='word_1_16' title='bbox 423 469 590 536; x_wconf 74' lang='lat' dir='ltr'><strong>latrocinii</strong></span> <span class='ocrx_word' id='word_1_17' title='bbox 609 468 738 553; x_wconf 86' lang='lat' dir='ltr'><strong>quidem</strong></span> <span class='ocrx_word' id='word_1_18' title='bbox 750 468 882 553; x_wconf 84' lang='lat' dir='ltr'><strong>pudeat,</strong></span> <span class='ocrx_word' id='word_1_19' title='bbox 899 471 1028 538; x_wconf 84' lang='lat' dir='ltr'><strong>tantum</strong></span> <span class='ocrx_word' id='word_1_20' title='bbox 1041 469 1252 554; x_wconf 79' lang='lat' dir='ltr'>hospitibus</span> 
     </span>
     <span class='ocr_line' id='line_1_4' title="bbox 212 548 1251 652; baseline -0.002 -26"><span class='ocrx_word' id='word_1_21' title='bbox 212 559 301 644; x_wconf 89' lang='lat' dir='ltr'><strong>boni,</strong></span> <span class='ocrx_word' id='word_1_22' title='bbox 318 560 479 642; x_wconf 90' lang='lat' dir='ltr'><strong>mitesque</strong></span> <span class='ocrx_word' id='word_1_23' title='bbox 498 557 708 641; x_wconf 80' lang='lat' dir='ltr'><strong>supplicibus.</strong></span> <span class='ocrx_word' id='word_1_24' title='bbox 721 548 839 652; x_wconf 69' lang='lat' dir='ltr'><strong>Jvictu</strong></span> <span class='ocrx_word' id='word_1_25' title='bbox 857 557 905 622; x_wconf 83' lang='lat' dir='ltr'><strong>ite.</strong></span> <span class='ocrx_word' id='word_1_26' title='bbox 923 558 1030 641; x_wconf 76' lang='lat' dir='ltr'><strong>asperi</strong></span> <span class='ocrx_word' id='word_1_27' title='bbox 1047 558 1251 643; x_wconf 88' lang='lat' dir='ltr'><strong>incultique</strong></span> 
     </span>
     <span class='ocr_line' id='line_1_5' title="bbox 212 645 1248 730; baseline 0.002 -18"><span class='ocrx_word' id='word_1_28' title='bbox 212 652 250 712; x_wconf 85' lang='lat' dir='ltr'><strong>ut</strong></span> <span class='ocrx_word' id='word_1_29' title='bbox 272 645 372 714; x_wconf 88' lang='lat' dir='ltr'><strong>cruda</strong></span> <span class='ocrx_word' id='word_1_30' title='bbox 394 646 494 712; x_wconf 85' lang='lat' dir='ltr'><strong>etiam</strong></span> <span class='ocrx_word' id='word_1_31' title='bbox 517 667 613 712; x_wconf 84' lang='lat' dir='ltr'><strong>carne</strong></span> <span class='ocrx_word' id='word_1_32' title='bbox 635 649 808 714; x_wconf 75' lang='lat' dir='ltr'><strong>vescantur</strong></span> <span class='ocrx_word' id='word_1_33' title='bbox 831 649 888 714; x_wconf 86' lang='lat' dir='ltr'><strong>aut</strong></span> <span class='ocrx_word' id='word_1_34' title='bbox 910 646 1044 730; x_wconf 84' lang='lat' dir='ltr'><strong>recenti,</strong></span> <span class='ocrx_word' id='word_1_35' title='bbox 1072 651 1138 714; x_wconf 82' lang='lat' dir='ltr'><strong>sut</strong></span> <span class='ocrx_word' id='word_1_36' title='bbox 1165 669 1248 714; x_wconf 87' lang='lat' dir='ltr'><strong>cum</strong></span> 
     </span>
     <span class='ocr_line' id='line_1_6' title="bbox 212 734 1264 820; baseline -0.005 -18"><span class='ocrx_word' id='word_1_37' title='bbox 212 736 374 820; x_wconf 83' lang='lat' dir='ltr'><strong>rigentem</strong></span> <span class='ocrx_word' id='word_1_38' title='bbox 395 735 431 800; x_wconf 93' lang='lat' dir='ltr'><strong>in</strong></span> <span class='ocrx_word' id='word_1_39' title='bbox 447 735 529 819; x_wconf 90' lang='lat' dir='ltr'><strong>ipsis</strong></span> <span class='ocrx_word' id='word_1_40' title='bbox 546 735 706 818; x_wconf 79' lang='lat' dir='ltr'><strong>pecudum</strong></span> <span class='ocrx_word' id='word_1_41' title='bbox 723 734 930 819; x_wconf 85' lang='lat' dir='ltr'><strong>ferarumque</strong></span> <span class='ocrx_word' id='word_1_42' title='bbox 947 735 1053 818; x_wconf 71' lang='lat' dir='ltr'><strong>cuum,</strong></span> <span class='ocrx_word' id='word_1_43' title='bbox 1075 736 1264 804; x_wconf 72' lang='lat' dir='ltr'><strong>manibuss</strong></span> 
     </span>
     <span class='ocr_line' id='line_1_7' title="bbox 159 823 1245 909; baseline 0 -19"><span class='ocrx_word' id='word_1_44' title='bbox 159 823 411 908; x_wconf 68' lang='lat' dir='ltr'><strong>nepotibusque</strong></span> <span class='ocrx_word' id='word_1_45' title='bbox 438 823 617 909; x_wconf 84' lang='lat' dir='ltr'><strong>subigendo</strong></span> <span class='ocrx_word' id='word_1_46' title='bbox 643 825 848 892; x_wconf 76' lang='lat' dir='ltr'><strong>renovarunt.</strong></span> <span class='ocrx_word' id='word_1_47' title='bbox 896 826 985 888; x_wconf 87' lang='lat' dir='ltr'><strong>terra</strong></span> <span class='ocrx_word' id='word_1_48' title='bbox 1011 823 1084 907; x_wconf 85' lang='lat' dir='ltr'><strong>ipsa</strong></span> <span class='ocrx_word' id='word_1_49' title='bbox 1115 825 1245 894; x_wconf 87' lang='lat' dir='ltr'><strong>multis</strong></span> 
     </span>
     <span class='ocr_line' id='line_1_8' title="bbox 211 909 1244 999; baseline 0 -21"><span class='ocrx_word' id='word_1_50' title='bbox 211 911 357 996; x_wconf 82' lang='lat' dir='ltr'><strong>inpedita</strong></span> <span class='ocrx_word' id='word_1_51' title='bbox 377 911 575 995; x_wconf 83' lang='lat' dir='ltr'><strong>fluminibus,</strong></span> <span class='ocrx_word' id='word_1_52' title='bbox 598 913 710 978; x_wconf 89' lang='lat' dir='ltr'><strong>multis</strong></span> <span class='ocrx_word' id='word_1_53' title='bbox 729 909 896 978; x_wconf 88' lang='lat' dir='ltr'><strong>montibus</strong></span> <span class='ocrx_word' id='word_1_54' title='bbox 914 933 1033 995; x_wconf 68' lang='lat' dir='ltr'><strong>aspera</strong></span> <span class='ocrx_word' id='word_1_55' title='bbox 1054 914 1089 978; x_wconf 87' lang='lat' dir='ltr'><strong>et</strong></span> <span class='ocrx_word' id='word_1_56' title='bbox 1106 933 1244 999; x_wconf 80' lang='lat' dir='ltr'><strong>magna</strong></span> 
     </span>
     <span class='ocr_line' id='line_1_9' title="bbox 211 997 1243 1156; baseline 0 0"><span class='ocrx_word' id='word_1_57' title='bbox 211 1004 371 1156; x_wconf 70' lang='lat' dir='ltr'><strong>net</strong></span> <span class='ocrx_word' id='word_1_58' title='bbox 391 999 1090 1156; x_wconf 58' lang='lat' dir='ltr'><strong>alezenssnzue.enae.</strong></span> <span class='ocrx_word' id='word_1_59' title='bbox 1104 997 1243 1156; x_wconf 65' lang='lat' dir='ltr'><strong>³¹³⁰⁸t</strong></span> 
     </span>
     <span class='ocr_line' id='line_1_10' title="bbox 212 1109 1263 1263; baseline -0.005 -19"><span class='ocrx_word' id='word_1_60' title='bbox 212 1179 337 1263; x_wconf 86' lang='lat' dir='ltr'><strong>aliquot</strong></span> <span class='ocrx_word' id='word_1_61' title='bbox 363 1181 445 1245; x_wconf 80' lang='lat' dir='ltr'><strong>&#39;suut</strong></span> <span class='ocrx_word' id='word_1_62' title='bbox 476 1109 565 1261; x_wconf 57' lang='lat' dir='ltr'><strong>duddi</strong></span> <span class='ocrx_word' id='word_1_63' title='bbox 593 1198 713 1242; x_wconf 84' lang='lat' dir='ltr'><strong>nomen</strong></span> <span class='ocrx_word' id='word_1_64' title='bbox 744 1139 883 1261; x_wconf 77' lang='lat' dir='ltr'><strong>habeut,</strong></span> <span class='ocrx_word' id='word_1_65' title='bbox 918 1177 975 1244; x_wconf 87' lang='lat' dir='ltr'><strong>sed</strong></span> <span class='ocrx_word' id='word_1_66' title='bbox 1005 1177 1064 1244; x_wconf 86' lang='lat' dir='ltr'><strong>illa</strong></span> <span class='ocrx_word' id='word_1_67' title='bbox 1089 1110 1263 1246; x_wconf 70' lang='lat' dir='ltr'><strong>ydiiiiuruu</strong></span> 
     </span>
     <span class='ocr_line' id='line_1_11' title="bbox 212 1265 1238 1350; baseline 0 -18"><span class='ocrx_word' id='word_1_68' title='bbox 212 1268 384 1350; x_wconf 79' lang='lat' dir='ltr'><strong>sexaginta</strong></span> <span class='ocrx_word' id='word_1_69' title='bbox 407 1267 470 1331; x_wconf 87' lang='lat' dir='ltr'><strong>iter</strong></span> <span class='ocrx_word' id='word_1_70' title='bbox 493 1285 667 1348; x_wconf 87' lang='lat' dir='ltr'><strong>occupans,</strong></span> <span class='ocrx_word' id='word_1_71' title='bbox 693 1267 731 1330; x_wconf 89' lang='lat' dir='ltr'><strong>ut</strong></span> <span class='ocrx_word' id='word_1_72' title='bbox 753 1265 858 1332; x_wconf 84' lang='lat' dir='ltr'><strong>maior</strong></span> <span class='ocrx_word' id='word_1_73' title='bbox 881 1265 953 1332; x_wconf 82' lang='lat' dir='ltr'><strong>aliis</strong></span> <span class='ocrx_word' id='word_1_74' title='bbox 981 1265 1029 1332; x_wconf 88' lang='lat' dir='ltr'><strong>ita</strong></span> <span class='ocrx_word' id='word_1_75' title='bbox 1053 1269 1086 1332; x_wconf 88' lang='lat' dir='ltr'><strong>ct</strong></span> <span class='ocrx_word' id='word_1_76' title='bbox 1108 1267 1238 1334; x_wconf 87' lang='lat' dir='ltr'><strong>notior.</strong></span> 
     </span>
     <span class='ocr_line' id='line_1_12' title="bbox 133 1351 1237 1438; baseline 0.002 -18"><span class='ocrx_word' id='word_1_77' title='bbox 133 1370 193 1420; x_wconf 76' lang='lat'><strong>‚30</strong></span> <span class='ocrx_word' id='word_1_78' title='bbox 212 1356 372 1420; x_wconf 87' lang='lat' dir='ltr'><strong>montium</strong></span> <span class='ocrx_word' id='word_1_79' title='bbox 408 1353 560 1420; x_wconf 76' lang='lat' dir='ltr'><strong>altissimi</strong></span> <span class='ocrx_word' id='word_1_80' title='bbox 592 1351 724 1420; x_wconf 77' lang='lat' dir='ltr'><strong>Taunus</strong></span> <span class='ocrx_word' id='word_1_81' title='bbox 761 1357 794 1418; x_wconf 88' lang='lat' dir='ltr'><strong>et</strong></span> <span class='ocrx_word' id='word_1_82' title='bbox 825 1351 956 1438; x_wconf 83' lang='lat' dir='ltr'><strong>Retico,</strong></span> <span class='ocrx_word' id='word_1_83' title='bbox 991 1353 1054 1418; x_wconf 90' lang='lat' dir='ltr'><strong>nisi</strong></span> <span class='ocrx_word' id='word_1_84' title='bbox 1086 1375 1237 1438; x_wconf 84' lang='lat' dir='ltr'><strong>quorum</strong></span> 
     </span>
     <span class='ocr_line' id='line_1_13' title="bbox 210 1441 1235 1526; baseline 0.002 -20"><span class='ocrx_word' id='word_1_85' title='bbox 210 1441 345 1506; x_wconf 86' lang='lat' dir='ltr'><strong>nomina</strong></span> <span class='ocrx_word' id='word_1_86' title='bbox 367 1441 422 1506; x_wconf 81' lang='lat' dir='ltr'><strong>vix</strong></span> <span class='ocrx_word' id='word_1_87' title='bbox 446 1445 497 1506; x_wconf 87' lang='lat' dir='ltr'><strong>est</strong></span> <span class='ocrx_word' id='word_1_88' title='bbox 519 1441 627 1526; x_wconf 75' lang='lat' dir='ltr'><strong>eloqui</strong></span> <span class='ocrx_word' id='word_1_89' title='bbox 651 1463 707 1506; x_wconf 84' lang='lat' dir='ltr'><strong>ore</strong></span> <span class='ocrx_word' id='word_1_90' title='bbox 729 1462 873 1508; x_wconf 87' lang='lat' dir='ltr'><strong>romano.</strong></span> <span class='ocrx_word' id='word_1_91' title='bbox 919 1442 1063 1508; x_wconf 84' lang='lat' dir='ltr'><strong>amnium</strong></span> <span class='ocrx_word' id='word_1_92' title='bbox 1083 1442 1121 1510; x_wconf 86' lang='lat' dir='ltr'><strong>in</strong></span> <span class='ocrx_word' id='word_1_93' title='bbox 1146 1445 1235 1512; x_wconf 87' lang='lat' dir='ltr'><strong>alies</strong></span> 
     </span>
     <span class='ocr_line' id='line_1_14' title="bbox 211 1528 1234 1615; baseline 0.004 -21"><span class='ocrx_word' id='word_1_94' title='bbox 211 1533 326 1614; x_wconf 82' lang='lat' dir='ltr'><strong>gentes</strong></span> <span class='ocrx_word' id='word_1_95' title='bbox 349 1529 535 1595; x_wconf 86' lang='lat' dir='ltr'><strong>exeuntium</strong></span> <span class='ocrx_word' id='word_1_96' title='bbox 557 1528 782 1597; x_wconf 79' lang='lat' dir='ltr'><strong>Danuviuset</strong></span> <span class='ocrx_word' id='word_1_97' title='bbox 803 1528 994 1615; x_wconf 80' lang='lat' dir='ltr'><strong>Rhodanus,</strong></span> <span class='ocrx_word' id='word_1_98' title='bbox 1016 1531 1051 1598; x_wconf 89' lang='lat' dir='ltr'><strong>iu</strong></span> <span class='ocrx_word' id='word_1_99' title='bbox 1073 1529 1234 1600; x_wconf 79' lang='lat' dir='ltr'><strong>Rhenum</strong></span> 
     </span>
     <span class='ocr_line' id='line_1_15' title="bbox 210 1617 1259 1704; baseline 0.002 -22"><span class='ocrx_word' id='word_1_100' title='bbox 210 1617 338 1693; x_wconf 79' lang='lat' dir='ltr'><strong>Moenia</strong></span> <span class='ocrx_word' id='word_1_101' title='bbox 366 1621 400 1684; x_wconf 89' lang='lat' dir='ltr'><strong>et</strong></span> <span class='ocrx_word' id='word_1_102' title='bbox 425 1617 544 1704; x_wconf 84' lang='lat' dir='ltr'><strong>Lupia,</strong></span> <span class='ocrx_word' id='word_1_103' title='bbox 575 1618 609 1684; x_wconf 92' lang='lat' dir='ltr'><strong>in</strong></span> <span class='ocrx_word' id='word_1_104' title='bbox 635 1639 793 1686; x_wconf 70' lang='lat' dir='ltr'><strong>munuum</strong></span> <span class='ocrx_word' id='word_1_105' title='bbox 819 1617 974 1704; x_wconf 86' lang='lat' dir='ltr'><strong>Amissis,</strong></span> <span class='ocrx_word' id='word_1_106' title='bbox 1005 1617 1165 1704; x_wconf 75' lang='lat' dir='ltr'><strong>Visurgis</strong></span> <span class='ocrx_word' id='word_1_107' title='bbox 1201 1625 1259 1688; x_wconf 78' lang='lat' dir='ltr'><strong>ets</strong></span> 
     </span>
     <span class='ocr_line' id='line_1_16' title="bbox 156 1704 1230 1792; baseline -0.001 -18"><span class='ocrx_word' id='word_1_108' title='bbox 156 1724 190 1774; x_wconf 77' lang='lat'><strong>81</strong></span> <span class='ocrx_word' id='word_1_109' title='bbox 209 1707 305 1773; x_wconf 87' lang='lat' dir='ltr'><strong>Albis</strong></span> <span class='ocrx_word' id='word_1_110' title='bbox 333 1707 516 1776; x_wconf 78' lang='lat' dir='ltr'><strong>clarissimi.</strong></span> <span class='ocrx_word' id='word_1_111' title='bbox 562 1729 658 1792; x_wconf 86' lang='lat' dir='ltr'><strong>super</strong></span> <span class='ocrx_word' id='word_1_112' title='bbox 680 1705 793 1773; x_wconf 82' lang='lat' dir='ltr'><strong>Albim</strong></span> <span class='ocrx_word' id='word_1_113' title='bbox 816 1704 966 1774; x_wconf 80' lang='lat' dir='ltr'><strong>Codanus</strong></span> <span class='ocrx_word' id='word_1_114' title='bbox 988 1707 1106 1792; x_wconf 80' lang='lat' dir='ltr'><strong>ingens</strong></span> <span class='ocrx_word' id='word_1_115' title='bbox 1134 1709 1230 1773; x_wconf 85' lang='lat' dir='ltr'><strong>sinus</strong></span> 
     </span>
     <span class='ocr_line' id='line_1_17' title="bbox 210 1795 1231 1882; baseline 0.003 -20"><span class='ocrx_word' id='word_1_116' title='bbox 210 1797 338 1882; x_wconf 81' lang='lat' dir='ltr'><strong>mugnis</strong></span> <span class='ocrx_word' id='word_1_117' title='bbox 365 1796 539 1882; x_wconf 79' lang='lat' dir='ltr'><strong>parvisque</strong></span> <span class='ocrx_word' id='word_1_118' title='bbox 565 1796 680 1864; x_wconf 89' lang='lat' dir='ltr'><strong>insulis</strong></span> <span class='ocrx_word' id='word_1_119' title='bbox 707 1796 846 1862; x_wconf 88' lang='lat' dir='ltr'><strong>refertus</strong></span> <span class='ocrx_word' id='word_1_120' title='bbox 874 1800 933 1863; x_wconf 89' lang='lat' dir='ltr'><strong>est.</strong></span> <span class='ocrx_word' id='word_1_121' title='bbox 981 1795 1043 1863; x_wconf 86' lang='lat' dir='ltr'><strong>hac</strong></span> <span class='ocrx_word' id='word_1_122' title='bbox 1070 1817 1105 1860; x_wconf 86' lang='lat' dir='ltr'><strong>re</strong></span> <span class='ocrx_word' id='word_1_123' title='bbox 1136 1818 1231 1864; x_wconf 79' lang='lat' dir='ltr'><strong>marc</strong></span> 
     </span>
     <span class='ocr_line' id='line_1_18' title="bbox 211 1883 1231 1970; baseline 0.002 -20"><span class='ocrx_word' id='word_1_124' title='bbox 211 1885 297 1968; x_wconf 90' lang='lat' dir='ltr'><strong>quod</strong></span> <span class='ocrx_word' id='word_1_125' title='bbox 329 1887 453 1970; x_wconf 78' lang='lat' dir='ltr'><strong>gremio</strong></span> <span class='ocrx_word' id='word_1_126' title='bbox 485 1885 621 1950; x_wconf 87' lang='lat' dir='ltr'><strong>litorum</strong></span> <span class='ocrx_word' id='word_1_127' title='bbox 653 1883 811 1966; x_wconf 82' lang='lat' dir='ltr'><strong>accipitur</strong></span> <span class='ocrx_word' id='word_1_128' title='bbox 841 1905 1001 1968; x_wconf 86' lang='lat' dir='ltr'><strong>nusquam</strong></span> <span class='ocrx_word' id='word_1_129' title='bbox 1033 1885 1100 1952; x_wconf 88' lang='lat' dir='ltr'><strong>late</strong></span> <span class='ocrx_word' id='word_1_130' title='bbox 1131 1890 1231 1969; x_wconf 76' lang='lat' dir='ltr'><strong>patet</strong></span> 
     </span>
     <span class='ocr_line' id='line_1_19' title="bbox 209 1971 1231 2056; baseline 0.002 -20"><span class='ocrx_word' id='word_1_131' title='bbox 209 1992 268 2036; x_wconf 88' lang='lat' dir='ltr'><strong>nec</strong></span> <span class='ocrx_word' id='word_1_132' title='bbox 295 1993 433 2054; x_wconf 84' lang='lat' dir='ltr'><strong>usquam</strong></span> <span class='ocrx_word' id='word_1_133' title='bbox 460 1973 543 2038; x_wconf 85' lang='lat' dir='ltr'><strong>meri</strong></span> <span class='ocrx_word' id='word_1_134' title='bbox 571 1971 690 2056; x_wconf 87' lang='lat' dir='ltr'><strong>simile,</strong></span> <span class='ocrx_word' id='word_1_135' title='bbox 717 1993 830 2038; x_wconf 83' lang='lat' dir='ltr'><strong>verum</strong></span> <span class='ocrx_word' id='word_1_136' title='bbox 857 1973 949 2056; x_wconf 77' lang='lat' dir='ltr'><strong>equis</strong></span> <span class='ocrx_word' id='word_1_137' title='bbox 976 1973 1100 2056; x_wconf 81' lang='lat' dir='ltr'><strong>passim</strong></span> <span class='ocrx_word' id='word_1_138' title='bbox 1124 1973 1231 2040; x_wconf 87' lang='lat' dir='ltr'><strong>inter-</strong></span> 
     </span>
     <span class='ocr_line' id='line_1_20' title="bbox 209 2058 1258 2146; baseline 0.003 -24"><span class='ocrx_word' id='word_1_139' title='bbox 209 2058 385 2125; x_wconf 88' lang='lat' dir='ltr'><strong>fluentibus</strong></span> <span class='ocrx_word' id='word_1_140' title='bbox 405 2080 442 2124; x_wconf 86' lang='lat' dir='ltr'><strong>ac</strong></span> <span class='ocrx_word' id='word_1_141' title='bbox 465 2081 562 2142; x_wconf 87' lang='lat' dir='ltr'><strong>saepe</strong></span> <span class='ocrx_word' id='word_1_142' title='bbox 579 2059 793 2143; x_wconf 85' lang='lat' dir='ltr'><strong>transgressis</strong></span> <span class='ocrx_word' id='word_1_143' title='bbox 812 2079 933 2144; x_wconf 78' lang='lat' dir='ltr'><strong>vagum</strong></span> <span class='ocrx_word' id='word_1_144' title='bbox 957 2065 1054 2146; x_wconf 79' lang='lat' dir='ltr'><strong>atquc</strong></span> <span class='ocrx_word' id='word_1_145' title='bbox 1072 2060 1258 2130; x_wconf 63' lang='lat' dir='ltr'><strong>diuum„</strong></span> 
     </span>
     <span class='ocr_line' id='line_1_21' title="bbox 210 2145 1228 2235; baseline 0.007 -24"><span class='ocrx_word' id='word_1_146' title='bbox 210 2146 292 2211; x_wconf 85' lang='lat' dir='ltr'><strong>faeie</strong></span> <span class='ocrx_word' id='word_1_147' title='bbox 312 2145 456 2212; x_wconf 83' lang='lat' dir='ltr'><strong>amnium</strong></span> <span class='ocrx_word' id='word_1_148' title='bbox 474 2146 653 2233; x_wconf 81' lang='lat' dir='ltr'><strong>spargitur3</strong></span> <span class='ocrx_word' id='word_1_149' title='bbox 677 2169 740 2231; x_wconf 90' lang='lat' dir='ltr'><strong>qua</strong></span> <span class='ocrx_word' id='word_1_150' title='bbox 758 2147 857 2215; x_wconf 82' lang='lat' dir='ltr'><strong>litora</strong></span> <span class='ocrx_word' id='word_1_151' title='bbox 875 2147 1024 2234; x_wconf 83' lang='lat' dir='ltr'><strong>adtingit,</strong></span> <span class='ocrx_word' id='word_1_152' title='bbox 1047 2149 1130 2235; x_wconf 90' lang='lat' dir='ltr'><strong>ripis</strong></span> <span class='ocrx_word' id='word_1_153' title='bbox 1148 2171 1228 2218; x_wconf 88' lang='lat' dir='ltr'><strong>con·</strong></span> 
     </span>
     <span class='ocr_line' id='line_1_22' title="bbox 208 2235 1227 2324; baseline 0.006 -24"><span class='ocrx_word' id='word_1_154' title='bbox 208 2238 335 2301; x_wconf 88' lang='lat' dir='ltr'><strong>tentum</strong></span> <span class='ocrx_word' id='word_1_155' title='bbox 366 2235 546 2304; x_wconf 78' lang='lat' dir='ltr'><strong>inurlarum</strong></span> <span class='ocrx_word' id='word_1_156' title='bbox 577 2257 645 2304; x_wconf 89' lang='lat' dir='ltr'><strong>non</strong></span> <span class='ocrx_word' id='word_1_157' title='bbox 676 2236 774 2322; x_wconf 79' lang='lat' dir='ltr'><strong>longe</strong></span> <span class='ocrx_word' id='word_1_158' title='bbox 807 2235 1005 2304; x_wconf 84' lang='lat' dir='ltr'><strong>distantibus</strong></span> <span class='ocrx_word' id='word_1_159' title='bbox 1038 2241 1071 2304; x_wconf 87' lang='lat' dir='ltr'><strong>et</strong></span> <span class='ocrx_word' id='word_1_160' title='bbox 1103 2238 1227 2324; x_wconf 87' lang='lat' dir='ltr'><strong>ubique</strong></span> 
     </span>
     <span class='ocr_line' id='line_1_23' title="bbox 208 2325 1227 2410; baseline 0.005 -19"><span class='ocrx_word' id='word_1_161' title='bbox 208 2347 312 2409; x_wconf 87' lang='lat' dir='ltr'><strong>paene</strong></span> <span class='ocrx_word' id='word_1_162' title='bbox 333 2325 538 2408; x_wconf 85' lang='lat' dir='ltr'><strong>tantundem,</strong></span> <span class='ocrx_word' id='word_1_163' title='bbox 564 2325 592 2392; x_wconf 90' lang='lat' dir='ltr'><strong>it</strong></span> <span class='ocrx_word' id='word_1_164' title='bbox 615 2329 791 2410; x_wconf 83' lang='lat' dir='ltr'><strong>augustum</strong></span> <span class='ocrx_word' id='word_1_165' title='bbox 815 2329 848 2392; x_wconf 88' lang='lat' dir='ltr'><strong>et</strong></span> <span class='ocrx_word' id='word_1_166' title='bbox 870 2347 929 2409; x_wconf 84' lang='lat' dir='ltr'><strong>per</strong></span> <span class='ocrx_word' id='word_1_167' title='bbox 950 2326 1049 2410; x_wconf 83' lang='lat' dir='ltr'><strong>freto,</strong></span> <span class='ocrx_word' id='word_1_168' title='bbox 1073 2347 1227 2396; x_wconf 86' lang='lat' dir='ltr'><strong>curvans·</strong></span> 
     </span>
     <span class='ocr_line' id='line_1_24' title="bbox 156 2414 1226 2501; baseline 0.005 -21"><span class='ocrx_word' id='word_1_169' title='bbox 156 2430 190 2480; x_wconf 81' lang='lat'><strong>32</strong></span> <span class='ocrx_word' id='word_1_170' title='bbox 210 2435 272 2499; x_wconf 85' lang='lat' dir='ltr'><strong>que</strong></span> <span class='ocrx_word' id='word_1_171' title='bbox 295 2435 330 2481; x_wconf 89' lang='lat' dir='ltr'><strong>se</strong></span> <span class='ocrx_word' id='word_1_172' title='bbox 353 2414 491 2480; x_wconf 87' lang='lat' dir='ltr'><strong>subinde</strong></span> <span class='ocrx_word' id='word_1_173' title='bbox 518 2415 618 2501; x_wconf 82' lang='lat' dir='ltr'><strong>longo</strong></span> <span class='ocrx_word' id='word_1_174' title='bbox 646 2415 817 2500; x_wconf 88' lang='lat' dir='ltr'><strong>supercilio</strong></span> <span class='ocrx_word' id='word_1_175' title='bbox 841 2414 993 2480; x_wconf 81' lang='lat' dir='ltr'><strong>inflex-um</strong></span> <span class='ocrx_word' id='word_1_176' title='bbox 1021 2418 1079 2482; x_wconf 86' lang='lat' dir='ltr'><strong>est</strong></span> <span class='ocrx_word' id='word_1_177' title='bbox 1124 2415 1163 2484; x_wconf 89' lang='lat' dir='ltr'><strong>in</strong></span> <span class='ocrx_word' id='word_1_178' title='bbox 1186 2439 1226 2484; x_wconf 84' lang='lat' dir='ltr'><strong>co</strong></span> 
     </span>
     <span class='ocr_line' id='line_1_25' title="bbox 209 2501 1254 2587; baseline -0.002 -18"><span class='ocrx_word' id='word_1_179' title='bbox 209 2507 285 2569; x_wconf 88' lang='lat' dir='ltr'><strong>sunt</strong></span> <span class='ocrx_word' id='word_1_180' title='bbox 307 2503 432 2570; x_wconf 79' lang='lat' dir='ltr'><strong>Cimbri</strong></span> <span class='ocrx_word' id='word_1_181' title='bbox 455 2507 488 2568; x_wconf 86' lang='lat' dir='ltr'><strong>et</strong></span> <span class='ocrx_word' id='word_1_182' title='bbox 510 2501 659 2587; x_wconf 83' lang='lat' dir='ltr'><strong>Teutoni,</strong></span> <span class='ocrx_word' id='word_1_183' title='bbox 680 2503 771 2571; x_wconf 88' lang='lat' dir='ltr'><strong>ultra</strong></span> <span class='ocrx_word' id='word_1_184' title='bbox 793 2503 903 2571; x_wconf 85' lang='lat' dir='ltr'><strong>ultimi</strong></span> <span class='ocrx_word' id='word_1_185' title='bbox 925 2501 1117 2570; x_wconf 81' lang='lat' dir='ltr'><strong>Germaniae</strong></span> <span class='ocrx_word' id='word_1_186' title='bbox 1139 2503 1254 2570; x_wconf 80' lang='lat' dir='ltr'><strong>Her-a</strong></span> 
     </span>
     <span class='ocr_line' id='line_1_26' title="bbox 208 2612 343 2656; baseline 0 -2"><span class='ocrx_word' id='word_1_187' title='bbox 208 2612 343 2656; x_wconf 84' lang='lat' dir='ltr'><strong>mrones.</strong></span> 
     </span>
    </p>
   </div>
   <div class='ocr_carea' id='block_1_4' title="bbox 154 2676 1225 2786">
    <p class='ocr_par' dir='ltr' id='par_1_4' title="bbox 154 2676 1225 2786">
     <span class='ocr_line' id='line_1_27' title="bbox 154 2676 1225 2786; baseline 0.009 -45"><span class='ocrx_word' id='word_1_188' title='bbox 154 2736 189 2786; x_wconf 81' lang='lat'><strong>33</strong></span> <span class='ocrx_word' id='word_1_189' title='bbox 298 2676 460 2742; x_wconf 84' lang='lat' dir='ltr'><strong>Sarmatia</strong></span> <span class='ocrx_word' id='word_1_190' title='bbox 477 2678 566 2744; x_wconf 75' lang='lat' dir='ltr'><strong>intus</strong></span> <span class='ocrx_word' id='word_1_191' title='bbox 586 2699 683 2762; x_wconf 85' lang='lat' dir='ltr'><strong>quam</strong></span> <span class='ocrx_word' id='word_1_192' title='bbox 702 2678 744 2744; x_wconf 86' lang='lat' dir='ltr'><strong>ad</strong></span> <span class='ocrx_word' id='word_1_193' title='bbox 763 2699 852 2746; x_wconf 87' lang='lat' dir='ltr'><strong>marc</strong></span> <span class='ocrx_word' id='word_1_194' title='bbox 871 2677 979 2763; x_wconf 84' lang='lat' dir='ltr'><strong>latior,</strong></span> <span class='ocrx_word' id='word_1_195' title='bbox 1003 2680 1045 2746; x_wconf 84' lang='lat' dir='ltr'><strong>ab</strong></span> <span class='ocrx_word' id='word_1_196' title='bbox 1067 2679 1120 2747; x_wconf 85' lang='lat' dir='ltr'><strong>his</strong></span> <span class='ocrx_word' id='word_1_197' title='bbox 1138 2702 1225 2766; x_wconf 74' lang='lat' dir='ltr'><strong>qums</strong></span> 
     </span>
    </p>
   </div>
   <div class='ocr_carea' id='block_1_5' title="bbox 205 2848 1223 3544">
    <p class='ocr_par' dir='ltr' id='par_1_5' title="bbox 205 2848 1223 3544">
     <span class='ocr_line' id='line_1_28' title="bbox 213 2848 1223 2936; baseline 0.007 -32"><span class='ocrx_word' id='word_1_198' title='bbox 213 2925 219 2936; x_wconf 35' lang='grc' dir='ltr'>ι</span> <span class='ocrx_word' id='word_1_199' title='bbox 279 2857 304 2907; x_wconf 90' lang='lat'><strong>1.</strong></span> <span class='ocrx_word' id='word_1_200' title='bbox 319 2848 415 2904; x_wconf 90' lang='lat' dir='ltr'><strong>sinunt</strong></span> <span class='ocrx_word' id='word_1_201' title='bbox 428 2850 455 2904; x_wconf 97' lang='lat' dir='ltr'><strong><em>A</em></strong></span> <span class='ocrx_word' id='word_1_202' title='bbox 471 2849 558 2905; x_wconf 82' lang='lat' dir='ltr'><strong>sinte</strong></span> <span class='ocrx_word' id='word_1_203' title='bbox 612 2849 656 2904; x_wconf 90' lang='lat' dir='ltr'><strong>lus</strong></span> <span class='ocrx_word' id='word_1_204' title='bbox 670 2851 697 2932; x_wconf 81' lang='lat' dir='ltr'><strong><em>A</em></strong></span> <span class='ocrx_word' id='word_1_205' title='bbox 711 2851 786 2933; x_wconf 72' lang='lat' dir='ltr'><strong>inse</strong></span> <span class='ocrx_word' id='word_1_206' title='bbox 840 2859 865 2909; x_wconf 80' lang='lat'><strong>4.</strong></span> <span class='ocrx_word' id='word_1_207' title='bbox 879 2850 1049 2936; x_wconf 60' lang='lat' dir='ltr'><strong>&lt;cr)ud&lt;a&gt;</strong></span> <span class='ocrx_word' id='word_1_208' title='bbox 1062 2854 1090 2908; x_wconf 94' lang='lat' dir='ltr'><strong><em>A</em></strong></span> <span class='ocrx_word' id='word_1_209' title='bbox 1105 2855 1223 2936; x_wconf 69' lang='lat' dir='ltr'><strong>(litterae</strong></span> 
     </span>
     <span class='ocr_line' id='line_1_29' title="bbox 206 2921 1222 3056; baseline 0.004 -6"><span class='ocrx_word' id='word_1_210' title='bbox 206 2921 807 3052; x_wconf 48' lang='lat' dir='ltr'><strong>ffiri‘iiridd&#39;h‘iieastsirl&#39;iiiiielim</strong></span> <span class='ocrx_word' id='word_1_211' title='bbox 819 2923 1017 3052; x_wconf 43' lang='lat' dir='ltr'><strong>‘inflatilia</strong></span> <span class='ocrx_word' id='word_1_212' title='bbox 1039 2925 1222 3056; x_wconf 62' lang='lat' dir='ltr'><strong>dolioihiiii</strong></span> 
     </span>
     <span class='ocr_line' id='line_1_30' title="bbox 206 3064 1221 3148; baseline 0.004 -28"><span class='ocrx_word' id='word_1_213' title='bbox 206 3064 247 3120; x_wconf 88' lang='lat' dir='ltr'><strong>A¹</strong></span> <span class='ocrx_word' id='word_1_214' title='bbox 312 3070 353 3122; x_wconf 74' lang='lat'><strong>12.</strong></span> <span class='ocrx_word' id='word_1_215' title='bbox 373 3079 491 3146; x_wconf 71' lang='lat' dir='ltr'><strong>quprum</strong></span> <span class='ocrx_word' id='word_1_216' title='bbox 508 3065 550 3120; x_wconf 86' lang='lat' dir='ltr'><strong>A¹</strong></span> <span class='ocrx_word' id='word_1_217' title='bbox 567 3081 635 3122; x_wconf 79' lang='lat' dir='ltr'><strong>corr.</strong></span> <span class='ocrx_word' id='word_1_218' title='bbox 705 3071 746 3146; x_wconf 65' lang='lat' dir='ltr'><strong>tt.</strong></span> <span class='ocrx_word' id='word_1_219' title='bbox 766 3065 893 3122; x_wconf 81' lang='lat' dir='ltr'><strong>danubus</strong></span> <span class='ocrx_word' id='word_1_220' title='bbox 911 3065 1102 3148; x_wconf 32' lang='lat' dir='ltr'><strong>AuDunuvius</strong></span> <span class='ocrx_word' id='word_1_221' title='bbox 1120 3070 1221 3138; x_wconf 78' lang='lat' dir='ltr'><strong>scripsi</strong></span> 
     </span>
     <span class='ocr_line' id='line_1_31' title="bbox 266 3136 1164 3206; baseline 0.004 -15"><span class='ocrx_word' id='word_1_222' title='bbox 266 3142 306 3192; x_wconf 82' lang='lat'><strong>15.</strong></span> <span class='ocrx_word' id='word_1_223' title='bbox 326 3152 434 3190; x_wconf 87' lang='lat' dir='ltr'><strong>moems</strong></span> <span class='ocrx_word' id='word_1_224' title='bbox 452 3137 497 3190; x_wconf 88' lang='lat' dir='ltr'><strong>est</strong></span> <span class='ocrx_word' id='word_1_225' title='bbox 515 3136 545 3190; x_wconf 87' lang='lat' dir='ltr'><strong>ct</strong></span> <span class='ocrx_word' id='word_1_226' title='bbox 562 3136 602 3190; x_wconf 87' lang='lat' dir='ltr'><strong>A¹</strong></span> <span class='ocrx_word' id='word_1_227' title='bbox 620 3151 728 3192; x_wconf 86' lang='lat' dir='ltr'><strong>moerus</strong></span> <span class='ocrx_word' id='word_1_228' title='bbox 747 3137 777 3190; x_wconf 89' lang='lat' dir='ltr'><strong>et</strong></span> <span class='ocrx_word' id='word_1_229' title='bbox 793 3137 836 3192; x_wconf 77' lang='lat' dir='ltr'><strong>A²</strong></span> <span class='ocrx_word' id='word_1_230' title='bbox 889 3136 1010 3206; x_wconf 81' lang='lat' dir='ltr'><strong>lup1A¹</strong></span> <span class='ocrx_word' id='word_1_231' title='bbox 1028 3137 1107 3206; x_wconf 77' lang='lat' dir='ltr'><strong>lupia</strong></span> <span class='ocrx_word' id='word_1_232' title='bbox 1124 3137 1164 3194; x_wconf 77' lang='lat' dir='ltr'><strong>A³</strong></span> 
     </span>
     <span class='ocr_line' id='line_1_32' title="bbox 206 3205 1218 3314; baseline 0.002 -54"><span class='ocrx_word' id='word_1_233' title='bbox 206 3206 404 3280; x_wconf 83' lang='lat' dir='ltr'><strong>amis&lt;nisius)</strong></span> <span class='ocrx_word' id='word_1_234' title='bbox 422 3205 499 3276; x_wconf 77' lang='lat' dir='ltr'><strong>mgis</strong></span> <span class='ocrx_word' id='word_1_235' title='bbox 512 3207 540 3262; x_wconf 88' lang='lat' dir='ltr'><strong><em>A</em></strong></span> <span class='ocrx_word' id='word_1_236' title='bbox 559 3207 675 3290; x_wconf 60' lang='lat' dir='ltr'><strong>(limem</strong></span> <span class='ocrx_word' id='word_1_237' title='bbox 692 3209 725 3264; x_wconf 79' lang='lat' dir='ltr'><strong>io</strong></span> <span class='ocrx_word' id='word_1_238' title='bbox 741 3223 796 3290; x_wconf 75' lang='lat' dir='ltr'><strong>rue.</strong></span> <span class='ocrx_word' id='word_1_239' title='bbox 812 3208 875 3290; x_wconf 72' lang='lat' dir='ltr'><strong>cdd</strong></span> <span class='ocrx_word' id='word_1_240' title='bbox 890 3207 942 3276; x_wconf 82' lang='lat' dir='ltr'><strong>A³)</strong></span> <span class='ocrx_word' id='word_1_241' title='bbox 957 3207 1218 3314; x_wconf 29' lang='lat' dir='ltr'><strong>Amissisnllirurgie</strong></span> 
     </span>
     <span class='ocr_line' id='line_1_33' title="bbox 206 3277 1153 3419; baseline 0.008 -17"><span class='ocrx_word' id='word_1_242' title='bbox 206 3277 329 3416; x_wconf 68' lang='lat' dir='ltr'><strong>enee</strong></span> <span class='ocrx_word' id='word_1_243' title='bbox 347 3346 388 3402; x_wconf 47' lang='grc' dir='ltr'><strong>Α.</strong></span> <span class='ocrx_word' id='word_1_244' title='bbox 934 3355 1153 3419; x_wconf 84' lang='lat'><strong>...</strong></span> 
     </span>
     <span class='ocr_line' id='line_1_34' title="bbox 205 3417 1216 3544; baseline 0.008 -73"><span class='ocrx_word' id='word_1_245' title='bbox 205 3433 380 3544; x_wconf 45' lang='lat' dir='ltr'><strong>gouglyzusquc</strong></span> <span class='ocrx_word' id='word_1_246' title='bbox 402 3417 444 3472; x_wconf 83' lang='lat' dir='ltr'><strong>A¹</strong></span> <span class='ocrx_word' id='word_1_247' title='bbox 516 3425 561 3476; x_wconf 77' lang='lat'><strong>25.</strong></span> <span class='ocrx_word' id='word_1_248' title='bbox 588 3419 671 3476; x_wconf 86' lang='lat' dir='ltr'><strong>unbn</strong></span> <span class='ocrx_word' id='word_1_249' title='bbox 693 3420 720 3474; x_wconf 96' lang='lat' dir='ltr'><strong><em>A</em></strong></span> <span class='ocrx_word' id='word_1_250' title='bbox 744 3418 850 3476; x_wconf 77' lang='lat' dir='ltr'><strong>Cimbri</strong></span> <span class='ocrx_word' id='word_1_251' title='bbox 871 3437 892 3478; x_wconf 74' lang='lat' dir='ltr'><strong>a</strong></span> <span class='ocrx_word' id='word_1_252' title='bbox 964 3421 1075 3478; x_wconf 79' lang='lat' dir='ltr'><strong>tantem</strong></span> <span class='ocrx_word' id='word_1_253' title='bbox 1097 3427 1124 3478; x_wconf 91' lang='lat' dir='ltr'><strong><em>A</em></strong></span> <span class='ocrx_word' id='word_1_254' title='bbox 1146 3421 1216 3480; x_wconf 80' lang='lat' dir='ltr'><strong>&#39;Pen-</strong></span> 
     </span>
    </p>
   </div>
   <div class='ocr_carea' id='block_1_6' title="bbox 0 0 1310 4072">
    <p class='ocr_par' dir='ltr' id='par_1_6' title="bbox 0 0 1310 4072">
     <span class='ocr_line' id='line_1_35' title="bbox 0 0 1310 4072; baseline 0 6"><span class='ocrx_word' id='word_1_255' title='bbox 0 0 1310 4072; x_wconf 95' lang='lat' dir='ltr'><strong> </strong></span> 
     </span>
    </p>
   </div>
  </div>
 </body>
</html>
