2610 4072
355 233 535 290 ofloaosa.
554 234 581 288 Η
599 239 624 289 9.
644 241 660 290 r
679 236 806 304 (co-ce)
1042 237 1086 302 49

73 420 176 483 paene
199 400 289 464 totus
307 397 341 462 in
365 418 454 461 mare
470 397 667 481 prominens.
713 396 742 461 is
762 398 880 462 mirum
903 397 938 462 in
957 398 1088 463 modum

75 508 250 570 concavus,
279 485 382 550 abes
408 489 501 570 parte
524 507 589 570 qua
614 487 741 569 spectat
767 506 918 552 cosmum
939 486 1088 556 ¹medium

73 575 140 640 fere
163 575 250 640 latus
274 574 388 659 aperit,
412 577 508 660 atque
531 574 604 639 inde
626 574 783 660 ingressis
806 577 897 640 totus
915 574 1089 640 admodum

73 663 206 747 pervius
234 684 335 746 prope
363 662 522 747 quantum
548 664 642 746 patet
669 683 797 749 specus3
825 666 858 728 et
887 663 977 728 sinus
1004 663 1091 728 ultra
1108 679 1143 728 99

43 756 126 816 sest
158 753 192 816 in
224 771 325 836 eoque
358 749 505 833 Carteia,
537 753 574 814 ut
606 750 736 834 quidam
767 753 884 834 putant
916 751 1089 836 aliquando

73 841 239 922 Tartesos,
257 845 290 904 99
309 861 407 922 quam
424 837 602 908 transvecti
621 859 660 902 ex
678 836 790 902 Africa
803 837 981 905 Phoenices
998 839 1089 905 habi·

74 930 150 992 tant
173 930 269 1010 atque
287 926 371 990 unde
393 948 453 992 nos
473 947 582 990 snmus
602 925 808 1009 Tingentera.
852 930 923 991 tum
941 927 1091 994 Mellaria

77 1018 111 1079 et
129 1015 223 1080 Bello
246 1017 280 1080 99
298 1014 462 1099 Baesippo
485 1035 587 1098 usque
611 1013 651 1078 ad
672 1013 807 1078 Iunonis
830 1017 1091 1099 promunturium

78 1125 170 1168 oram
184 1101 260 1168 freti
274 1106 418 1187 occupat.
444 1102 528 1167 illud
541 1103 607 1166 iam
620 1102 655 1166 in
673 1102 872 1168 occidentem
886 1105 919 1167 et
937 1125 1091 1169 oceanum

31 1208 62 1248 1⁰
78 1191 212 1276 obliquo
230 1192 308 1276 iugo
328 1197 510 1274 excurrens,
528 1194 625 1275 atqua
644 1190 674 1254 ei
693 1190 779 1275 quod
797 1191 833 1256 in
846 1191 960 1256 Africa
974 1191 1092 1276 Ampe·

76 1279 195 1344 lusiam
210 1301 280 1344 esse
295 1279 478 1344 dixeramus
493 1279 673 1362 adversum,
692 1301 756 1364 qua
770 1283 884 1344 nostra
898 1280 1003 1345 maria
1017 1283 1093 1344 sunt

77 1368 149 1432 finit
169 1366 332 1450 Europen.

167 1453 274 1520 Gades
310 1455 419 1520 insula
455 1476 539 1539 quae
575 1456 716 1541 egressis
752 1456 873 1520 fretum
909 1456 1006 1522 obvia
1042 1461 1093 1522 est
1112 1436 1145 1562 g,

78 1542 231 1610 admonet
258 1547 332 1609 ante
360 1544 502 1628 reliquas
530 1543 634 1609 dicere
667 1564 765 1628 quam
791 1545 827 1608 in
853 1545 966 1610 oceani
995 1545 1094 1610 litora

31 1648 62 1689 15
77 1635 299 1717 terrarumque
328 1632 512 1714 circuitum,
543 1635 582 1695 ut
607 1631 702 1696 initio
730 1633 953 1716 promisimus,
987 1634 1093 1698 oratio

78 1720 220 1785 excedat.
267 1730 389 1803 paucae
414 1723 492 1784 sunt
514 1718 547 1782 in
566 1717 739 1804 Maeotide,
760 1719 835 1784 inde
858 1721 945 1785 enim
966 1721 1095 1786 ridetur

79 1807 377 1872 commodissimum
404 1806 560 1891 incipere;
591 1828 695 1891 neque
726 1828 839 1872 omnes
867 1811 978 1873 tamen
1007 1808 1095 1873 inco-

78 1897 203 1980 luntur,
225 1917 302 1959 narn
329 1916 370 1959 ne
397 1895 518 1980 pabula
541 1894 670 1979 quidem
693 1896 785 1981 large
814 1895 930 1961 ferunt.
974 1896 1095 1962 haere

78 1984 303 2049 habitantibus
331 2005 406 2049 caro
435 2005 629 2069 magnorum
655 1983 794 2068 piscium
817 1984 886 2050 sole
914 1983 1034 2050 siccata
1063 1989 1096 2050 et

35 2092 64 2132 20
79 2073 113 2137 in
139 2071 295 2157 pollinem
323 2094 424 2158 nsque
453 2074 588 2138 contusa
609 2095 669 2157 pro
697 2073 784 2138 farre
813 2076 871 2140 est.
916 2095 1040 2158 paucae
1063 2077 1097 2140 99
1115 2087 1148 2138 99

80 2161 115 2224 in
137 2160 259 2243 Ponto,
280 2161 385 2226 Leuce
408 2161 620 2245 Borysthenis
645 2161 731 2227 ostio
755 2162 895 2245 obiecta,
917 2183 1019 2246 parra
1042 2161 1096 2226 ad-

62 2246 222 2334 modum,
246 2252 279 2312 et
301 2249 386 2331 quod
408 2249 455 2312 ibi
474 2248 618 2314 Achilles
642 2249 725 2314 situs
745 2252 794 2313 est
811 2248 961 2314 Achillea
979 2267 1096 2334 cogno-

82 2334 178 2398 mine.
213 2355 280 2398 non
297 2336 395 2421 longe
415 2356 435 2398 a
448 2333 578 2400 Colchis
592 2335 674 2430 Aria
688 2357 770 2420 quae
784 2333 883 2400 Marti
902 2340 1098 2420 consecrata,

82 2425 119 2486 ut
155 2422 276 2486 fabulis
313 2423 471 2506 traditur,
511 2423 589 2487 tulit
620 2444 695 2488 aves
733 2444 807 2488 cum
844 2444 972 2489 summa
1008 2424 1097 2489 clade

37 2528 67 2570 25
82 2511 321 2576 advenientium
352 2511 468 2596 pinnas
497 2511 590 2596 quasi
621 2512 687 2576 tela
718 2510 887 2578 iaculatas.
938 2533 993 2577 sex
1021 2516 1098 2578 sunt

81 2600 168 2664 inter
184 2597 291 2664 Histri
314 2600 414 2665 ostia:
437 2622 476 2665 ex
497 2600 552 2665 his
570 2599 675 2666 Peuce
697 2600 870 2666 notissima
893 2605 927 2666 et
945 2602 1097 2666 maxima.

81 2687 243 2773 Hymes,
285 2687 574 2774 Mariandynorum
609 2689 730 2754 finibus
765 2711 943 2773 proxuma,
960 2688 964 2696 ’
983 2690 1098 2755 urbem

1 2777 2 2860 j
80 2776 195 2860 habet,
232 2798 330 2861 quam
367 2778 444 2862 quia
474 2777 612 2863 Bithyni
646 2777 794 2844 incolunt
826 2777 1004 2863 Bithynida
1040 2779 1095 2844 ad·

1 2871 2 2878 ’
80 2863 217 2946 pellant.
247 2868 380 2930 ‘contra
411 2865 586 2930 Thracium
618 2866 826 2950 Bosphorum
858 2867 940 2931 duae
972 2887 1092 2951 parvae
1114 2881 1148 2930 99

39 2971 68 3010 sc
82 2971 249 3033 parvoque
267 2950 426 3016 distantes
446 2954 551 3035 spatio
571 2957 604 3018 99
623 2955 796 3039 aliquando
816 2954 959 3020 creditae
978 2954 1096 3018 dietae-

1 3073 4 3097 1
82 3061 144 3124 que
173 3059 361 3104 concurrere
385 3042 418 3104 et
442 3037 590 3124 Cyaneae
618 3045 775 3108 vocantur
798 3045 831 3106 99
853 3041 1097 3127 Symplegades.

154 3219 178 3267 6.
198 3211 338 3283 tartesllos
357 3212 385 3268 A
457 3220 482 3270 7.
505 3213 617 3267 melana
637 3213 666 3268 A
688 3214 818 3270 Mellaria
839 3215 986 3271 Burburus
1058 3222 1100 3271 10.

84 3282 199 3336 africam
218 3284 247 3337 A
308 3288 348 3340 10.
370 3283 648 3353 manpelusiamn
707 3291 749 3342 13.
768 3285 855 3355 gades
873 3285 915 3340 A¹
933 3301 1002 3342 corr.
1057 3293 1100 3343 23.

85 3353 173 3408 chelis
192 3355 220 3407 A
239 3352 352 3409 Colchis
370 3354 534 3411 Retualdr'ue
588 3362 630 3411 27.
651 3355 747 3426 cynias
765 3355 793 3410 A
808 3356 937 3425 Thynias.
948 3357 1102 3414 Pinticrrus

138 3439 273 3491 proxuma
290 3427 330 3480 sic
348 3426 376 3480 A
439 3432 482 3482 28.
501 3433 544 3482 29.
565 3425 601 3480 ad
623 3426 713 3481 ellant
729 3426 770 3481 A¹
788 3427 935 3498 appellant
953 3428 993 3483 A*
1058 3435 1101 3482 29.

84 3492 224 3547 trachium
241 3495 269 3550 A
340 3501 383 3551 31.
403 3497 531 3566 cyanitae
550 3498 578 3551 A
598 3445 760 3566 dyaneaeo

139 3591 279 3641 Pomponius
292 3593 359 3636 Mela
792 3593 793 3598 ’
925 3593 942 3640 4
