2610 4072
308 263 495 360 oflouosu.
515 265 608 320 11110
628 265 793 334 (101-107)
1022 265 1064 330 79

11 428 160 493 ferunt
176 429 335 494 tumulus:
357 427 443 493 unde
465 427 524 491 ubi
543 426 655 510 aliqua
677 448 753 511 pur·
778 429 871 493 eruis
893 431 944 492 est
962 429 1069 494 solent

16 517 170 582 imbres
198 517 323 602 spargi,
355 519 389 580 ub
417 516 519 582 donec
547 514 666 580 effossa
692 515 880 599 repleantur
907 517 1068 583 eveniunb.

18 605 217 670 hominum
244 627 320 691 pars
349 605 449 671 silvas
475 603 698 687 frequentant,
726 605 832 668 minus
861 626 958 688 quam
986 622 1130 690 quos10⁷

17 693 143 760 modo
173 693 315 759 diximus
342 693 433 779 vagi,
461 713 537 776 pars
560 691 597 756 in
619 691 756 757 urbibus
785 696 900 778 agunt,
929 715 1067 779 quarum

25 789 84 848 ut
103 783 192 847 inter
210 803 328 865 paruus
347 780 615 865 opulentissimae
633 779 796 845 habentur
813 782 926 865 procul
946 804 965 846 a
983 784 1068 848 mari

26 869 157 948 Gilda,
178 869 355 953 Volubilis,
372 868 511 953 Banasa,
533 868 667 954 propius
687 873 797 934 aulem
816 867 893 934 Sulu
916 875 949 936 et
967 869 1066 937 Lixos

27 957 178 1023 flumini
203 956 284 1023 Lixo
316 958 473 1042 proximu.
523 956 611 1021 ultra
643 961 694 1022 esb
727 957 854 1023 colonia
886 962 919 1022 eb
948 961 1066 1026 fluvius

29 1046 122 1112 Gna
150 1050 184 1111 eb
206 1048 290 1112 undu
317 1047 449 1112 initium
474 1044 610 1110 fecimus
633 1045 825 1130 Ampelusia
851 1047 886 1111 in
908 1046 1067 1114 Nosbrum

28 1138 115 1202 iam
138 1135 259 1200 fretun
276 1155 414 1220 vergens
433 1134 703 1219 promunturium,
726 1135 834 1220 operis
852 1134 949 1201 huius
970 1139 1067 1221 abque

33 1224 212 1290 Ablanliei
234 1224 342 1290 liboris
365 1223 533 1289 terminus.

121 1405 145 1452 1.
175 1397 248 1453 solet
273 1399 302 1452 A
378 1405 402 1452 6.
427 1395 542 1466 gilduvo
571 1395 733 1451 dubritsnia
759 1397 787 1452 A
815 1396 900 1452 Gilda
924 1397 1066 1454 Volubilis

34 1469 161 1523 Banasa
183 1470 282 1538 scripsi
357 1469 487 1540 prorius
509 1466 551 1520 A¹
576 1467 693 1538 propius
714 1467 756 1522 A*
832 1469 901 1524 lixio
927 1469 955 1524 A
982 1469 1066 1524 Lixos

34 1542 149 1611 scripsi
222 1546 244 1595 7.
264 1539 333 1594 limo
350 1542 379 1595 A
421 1540 468 1594 ixo
490 1539 639 1596 Tssebueloe
711 1545 735 1594 8.
756 1539 902 1609 unpelusiu
919 1541 947 1594 A
