2610 4072
356 243 537 302 8808088.
556 244 597 300 111
616 250 640 302 8.
661 252 677 301 8
697 248 824 316 (eo-eo)
1053 243 1096 310 15

68 409 153 494 quia
167 409 253 474 ritae
267 407 409 493 spatium
423 406 556 474 dimidio
570 406 638 474 fere
652 429 751 493 quarn
763 426 824 475 uos
844 407 976 492 longius
991 410 1095 491 agunt

69 497 243 581 Macrobii,
265 518 342 581 pars
367 496 444 580 quia
467 518 507 561 ex
529 495 685 582 Aegypto
708 495 866 561 advenere
889 495 969 562 dieti
992 496 1095 562 Auto-

70 587 192 652 moles:
215 584 344 668 pulchri
367 585 483 669 forma,
508 588 605 667 atque
629 585 773 668 corporis
798 584 980 669 viriumque
1002 605 1097 648 vene·

69 677 210 756 ratores,
233 674 335 742 veluti
359 674 558 757 optimarum
582 673 640 737 alii
661 673 828 737 virtutum.
873 674 909 738 in
932 673 1000 738 illis
1024 694 1095 737 mos
1114 687 1150 737 86

1 813 2 816 ,
32 780 53 821 s
70 766 125 826 est
154 762 206 828 cui
233 761 441 845 potissimum
468 763 606 844 pareant
632 761 740 843 speeie
763 783 800 826 ac
825 761 950 827 viribus
978 762 1097 848 legere.

1 873 3 906 2
71 850 162 932 apud
184 849 245 923 hos
268 849 343 932 plus
367 849 439 914 auri
461 869 560 932 quam
585 849 669 913 aeris
694 851 758 912 est:
780 849 853 914 ideo
877 850 1096 934 quodminus

1 973 3 996 ι
74 942 128 1004 881
156 937 331 1022 pretiosius
361 942 501 1002 censent.
547 958 621 1004 aere
645 940 855 1019 exornantur,
884 959 963 1003 auro
989 938 1098 1004 vinela

74 1027 220 1092 sontium
243 1025 416 1092 fabricant.
462 1029 512 1090 est
535 1025 625 1090 loeus
649 1023 816 1108 adparatis
838 1024 944 1108 epulis
969 1046 1097 1108 semper
1115 1039 1149 1091 87

72 1113 228 1198 refertus,
256 1117 289 1178 et
312 1114 389 1197 quia
412 1117 449 1178 ut
471 1113 553 1178 libet
576 1113 663 1178 vesei
690 1113 873 1202 volentibus
899 1112 976 1178 licet
998 1112 1098 1178 Heliu

17 1223 58 1262 10
73 1207 231 1286 trapezan
253 1201 434 1285 adpellant,
459 1206 492 1266 et
514 1223 597 1285 quae
620 1202 744 1285 passim
768 1200 920 1284 adposita
944 1205 1020 1266 sunt
1043 1200 1097 1265 ad-

71 1292 206 1356 firmant
228 1290 356 1356 innasci
378 1289 516 1356 subinde
540 1288 707 1356 divinitus.
752 1293 802 1353 881
823 1291 913 1355 mous
938 1311 1002 1374 quo
1025 1311 1095 1373 per·
1114 1305 1149 1354 88

71 1379 147 1445 fusa
166 1400 304 1462 corpora
322 1379 415 1462 quasi
433 1381 531 1444 uncta
548 1380 725 1461 pernitent:
749 1377 875 1444 bibitur
894 1377 994 1462 idem3
1014 1377 1095 1442 adeo

74 1470 124 1532 est
152 1466 292 1550 liquidus
321 1470 354 1530 et
382 1467 423 1532 ad
450 1466 640 1532 sustinenda
673 1487 755 1550 quae
782 1465 930 1532 incidunt
960 1470 1017 1532 aut
1049 1466 1098 1530 in·

74 1555 249 1620 mittuntur
279 1555 445 1642 infirmus,
481 1557 518 1620 ut
549 1553 630 1619 folia
663 1557 764 1619 'etiam
796 1555 953 1637 proximis
987 1553 1098 1619 decisa

21 1663 58 1704 15
74 1643 245 1708 frondibus
268 1665 335 1709 non
358 1643 543 1708 innatantia
564 1642 651 1707 ferat
674 1640 729 1707 sed
750 1663 884 1725 pessum
907 1646 940 1708 et
963 1643 1096 1725 penitus

76 1732 223 1814 accipiat.
270 1733 347 1795 sunt
370 1733 403 1794 et
425 1730 635 1796 saevissimae
657 1729 745 1794 ferae
769 1730 859 1794 omni
882 1731 990 1796 colore
1013 1730 1097 1794 varii

75 1820 229 1903 lycaones
258 1821 292 1882 81
320 1818 433 1902 quales
463 1819 646 1902 accepimns
675 1817 841 1903 sphinges.
891 1820 967 1884 sunt
995 1818 1102 1906 mirae

77 1929 152 1972 aves
179 1909 334 1975 cornutae
362 1911 559 1992 tragopanes
588 1910 621 1971 81
649 1906 775 1990 equinis
809 1906 940 1972 auribus
972 1905 1098 1991 pegasi.

76 1999 220 2061 ceterum
244 2017 316 2062 oras
340 1995 381 2060 ad
396 2017 518 2060 veurum
541 1995 751 2078 sequentibus
774 1995 857 2060 nihil
886 1994 1096 2060 memorabile
1115 2010 1150 2060 89

26 2105 61 2144 20
76 2085 224 2150 occurrit
270 2087 364 2148 vasta
387 2084 496 2149 omnia
519 2085 622 2150 vastis
645 2082 793 2169 praecisa
816 2084 982 2150 montibus
1006 2084 1097 2166 ripae

76 2172 185 2254 potius
204 2175 281 2238 sunt
296 2194 394 2256 quam
411 2173 518 2237 litora.
555 2171 630 2237 inde
643 2173 759 2256 ingens
779 2176 813 2236 81
832 2173 901 2238 sine
917 2172 1096 2238 cultoribus

77 2265 201 2324 18881888.
246 2259 380 2323 dubium
403 2260 595 2342 aliquandiu
612 2260 676 2324 fuit
694 2263 822 2324 essetne
845 2260 934 2323 ultra
952 2260 1098 2344 pelagus,

78 2351 249 2430 caperetne
263 2350 351 2410 terra
366 2347 544 2426 circuitum,
559 2369 601 2411 an
616 2347 775 2412 exhausto
786 2347 886 2412 fluctu
901 2347 970 2412 sine
984 2347 1048 2410 fine
1064 2367 1098 2412 se

78 2433 190 2501 Africa
222 2434 423 2517 extenderet,
455 2457 567 2500 verum
600 2439 634 2500 et
665 2433 783 2500 Hanno
817 2433 1098 2520 Carthaginiensis
1117 2450 1152 2501 8ο

31 2543 64 2584 es
80 2524 285 2606 exploratum
318 2524 437 2588 missus
471 2546 491 2588 a
523 2523 602 2606 suis,
635 2544 709 2588 cum
739 2544 798 2607 per
831 2523 944 2590 oceani
976 2523 1098 2588 ostium

78 2612 201 2684 exisset
215 2631 369 2697 magnam
383 2615 512 2696 partem
530 2611 598 2676 eius
614 2611 857 2690 circumvectus,
875 2633 941 2678 non
961 2633 996 2677 se
1015 2611 1099 2676 mari

147 2811 173 2858 3.
193 2803 289 2873 etqui
306 2804 334 2860 A
353 2805 439 2873 atque
457 2803 550 2875 Hepse
569 2805 614 2874 (os.
637 2803 760 2874 Partheq
774 2819 804 2872 p.
819 2805 889 2872 212)
943 2817 1099 2873 parumque

78 2875 106 2927 A
132 2873 290 2940 viriumque
316 2875 444 2928 Brasiaa
520 2881 544 2928 3.
568 2881 594 2928 4.
618 2874 745 2929 venerati
774 2890 835 2928 ores
867 2874 896 2927 A
918 2874 1099 2927 veneratores

78 2960 99 2997 a
174 2948 199 2997 6.
224 2949 247 2998 7.
272 2959 356 3010 quam
375 2943 435 3022 pris
464 2943 547 3013 (aeris
570 2947 661 3012 scrib.)
685 2947 729 3000 est
751 2943 817 2998 ideo
841 2943 1032 3012 quodminus
1055 2945 1100 2997 est

77 3010 233 3097 preciosius
253 3011 416 3082 (pretiosius
435 3015 527 3082 scrib.)
541 3013 582 3068 A²
601 3017 718 3084 exceptis
737 3016 835 3070 litteris
854 3013 912 3068 sius
924 3015 963 3095 ¹iu
975 3015 1100 3084 moretm

77 3084 250 3224 litua
264 3083 715 3224 triturarentur
775 3083 1100 3212 illibatum

77 3225 219 3283 affirmant
232 3224 273 3280 A²
347 3230 389 3281 11.
409 3225 494 3299 <881>
508 3229 584 3294 (mite
602 3225 692 3295 lacus)
706 3226 747 3280 Α8
820 3231 862 3281 16.
878 3223 954 3280 ferae
968 3226 1010 3282 A¹
1028 3241 1099 3284 corr.

149 3303 190 3352 18.
205 3299 443 3367 tragappomenes
457 3297 486 3352 A
499 3297 545 3351 tra
565 3312 669 3367 opaner
688 3295 802 3352 Vinctus
857 3295 968 3365 equinis
982 3295 1097 3354 auribus

78 3369 109 3422 et
121 3369 147 3422 A
165 3367 195 3434 et
213 3367 324 3437 equinis
343 3366 457 3422 auribus
475 3313 622 3424 Rariores
695 3373 737 3424 22.
757 3368 864 3423 1888188
883 3384 932 3424 om.
948 3369 975 3422 A
994 3369 1059 3426 odd.
1079 3385 1100 3424 a

131 3443 173 3492 88.
193 3439 329 3494 exhausta
347 3437 439 3492 fractu
457 3441 486 3493 A
506 3439 641 3496 exhausto
660 3437 747 3493 fluctu
772 3438 883 3496 Vossius
937 3445 980 3494 24.
1001 3455 1101 3496 verum

80 3509 108 3562 et
126 3507 150 3563 si
167 3509 195 3562 A
212 3526 310 3564 rernm
329 3513 358 3565 et
378 3511 532 3566 Piationus
604 3516 647 3566 26.
667 3509 775 3564 exissut
793 3512 834 3565 A¹
852 3509 958 3566 exisset
979 3507 1019 3566 Α)
