2610 4072
212 225 257 290 60
558 221 738 280 POMPONH
755 220 880 278 MELAE

152 387 248 456 100in
274 386 472 471 Propontide
499 388 628 452 tantum
658 383 881 450 Proconnesos
911 383 1088 448 habitatur.
1142 387 1255 450 extra

213 475 465 560 Hellespontum
483 493 691 556 eorumquae
706 471 862 540 Asiaticis
881 472 1067 557 regionibus
1081 470 1254 538 adiacent

214 564 415 632 elarirsimae
443 563 520 628 auat
541 560 688 628 Tenedos
712 558 816 646 Sigeia
844 559 980 626 adversa
1004 559 1181 644 litoribus,
1215 566 1251 626 et

214 673 277 737 quo
306 651 453 720 dieantur
480 649 593 720 ordine
621 649 662 717 ad
688 649 951 735 promunturium
980 647 1081 716 Tauri
1107 650 1248 714 montis

214 739 381 823 expositae
408 760 488 824 quae
522 737 654 823 quidam
683 738 747 804 dici
777 741 932 822 putavere
960 737 1130 821 Macaron,
1165 738 1265 802 sires

215 827 301 912 quod
338 827 498 894 fortunati
534 826 708 894 admodum
744 827 826 892 caeli
862 825 989 910 solique
1027 828 1121 910 aunt,
1168 827 1247 892 eive

214 916 300 1001 quod
335 937 389 982 eae
421 938 479 982 auo
507 935 702 999 suorumque
733 933 834 999 regno
861 913 973 980 Macar
1003 919 1245 998 occupaverat3

154 1004 250 1074 rolin
274 1003 400 1074 Troade
423 1003 547 1072 Lesbos
576 1007 609 1069 et
634 1005 670 1070 in
692 1024 731 1069 ea
755 1003 895 1088 quinque
919 1002 997 1068 olim
1020 1001 1144 1086 oppida
1168 1003 1244 1067 An-

213 1093 313 1178 tiae,
334 1092 473 1178 Pyrrha,
495 1091 630 1174 Eresos,
650 1091 856 1176 Methymna,
879 1089 1050 1177 Mitylene,
1076 1090 1111 1156 in
1139 1089 1244 1158 Ionia

215 1180 314 1252 Chios
347 1185 381 1246 et
413 1178 541 1266 Samos,
572 1181 607 1245 in
634 1177 732 1245 Caria
763 1177 862 1263 Coos,
892 1180 927 1244 in
953 1179 1056 1263 Lycia
1086 1177 1265 1246 Rhodour

215 1271 247 1338 iu
286 1269 353 1336 illis
391 1269 537 1352 eingudae
576 1271 653 1334 eunt
688 1267 790 1334 isdem
825 1267 1013 1334 nominibus
1049 1266 1167 1352 urbes,
1208 1270 1243 1334 in

215 1355 333 1422 Rhodo
356 1359 422 1420 tres
447 1356 609 1440 quondam
633 1359 727 1420 erant
749 1354 884 1440 Lindos,
907 1354 1069 1440 Camiros,
1096 1354 1241 1440 Ialysos.

153 1463 204 1514 102
215 1465 298 1529 quae
323 1447 435 1508 eontra
454 1443 553 1512 Tauri
574 1444 835 1529 promunturium
855 1445 1029 1528 inportune
1051 1444 1240 1528 nauiganti-

214 1533 276 1596 bue
305 1531 456 1600 obiacent
479 1529 690 1601 Chelidoniae
716 1533 934 1599 nominantur.
978 1532 1013 1598 in
1036 1533 1109 1597 sinn
1137 1554 1238 1617 quem

216 1620 394 1689 maximum
429 1621 510 1690 Asia
550 1621 672 1706 recepit
712 1642 814 1706 prope
854 1621 962 1686 media
1003 1619 1149 1705 Cyprea,
1192 1623 1262 1687 ade

215 1713 324 1778 ortum
358 1729 572 1795 oceanumque
609 1714 698 1776 reete
737 1711 814 1796 iugo
853 1731 888 1775 se
924 1710 1110 1794 inmittens,
1147 1710 1237 1776 inter

217 1797 370 1868 Ciliciam
399 1796 575 1884 Syriaeque
605 1799 796 1885 porrigimur,
828 1799 958 1884 ingens,
990 1801 1027 1863 ut
1058 1819 1140 1882 quae
1176 1800 1235 1864 ali·

217 1887 346 1970 quando
374 1907 492 1952 novem
519 1889 621 1973 regna
647 1887 771 1971 ceperit
800 1889 834 1952 et
862 1907 948 1952 nuno
980 1886 1103 1971 aliquot
1133 1889 1235 1953 nrbes

207 1974 314 2052 derat,
346 1995 483 2057 quarum
515 1974 716 2041 clarissimae
749 1972 904 2059 Salamis,
939 1974 1071 2058 Paphos
1101 1976 1132 2038 et
1163 1995 1236 2058 quo

214 2061 357 2145 primum
376 2082 416 2125 ex
438 2062 520 2126 mari
538 2061 699 2128 Venerem
723 2082 888 2148 egressam
911 2064 1039 2128 accolae
1058 2063 1260 2128 adfirmante

155 2164 205 2214 103
215 2148 452 2234 Palaepaphos.
487 2148 632 2216 Paraboe
655 2151 690 2216 in
708 2149 871 2216 Phoenice
894 2154 944 2216 est
961 2173 1063 2236 parve
1082 2157 1114 2216 et
1131 2171 1235 2235 quan-

215 2239 287 2303 tum
310 2241 402 2322 patet
423 2240 495 2306 tote
518 2238 685 2325 oppidum,
707 2239 857 2325 frequens
880 2243 1004 2323 tamen,
1032 2239 1233 2324 quinetiam

217 2348 314 2411 super
327 2321 434 2396 aliena
447 2330 534 2396 tecta
549 2328 657 2394 eedem
670 2349 790 2413 ponere
804 2327 889 2394 lieet.
917 2350 1020 2414 parva
1034 2332 1067 2394 et
1080 2326 1234 2414 Canopos

216 2415 286 2482 Nili
310 2416 396 2484 ostio
415 2417 502 2502 quod
520 2403 721 2502 Canopicum
738 2421 858 2483 uocant
875 2417 973 2483 obvia
991 2420 1049 2482 est.
1092 2415 1233 2482 Menelai

217 2504 416 2588 gubernator
438 2503 590 2590 Canopus
614 2506 661 2571 ibi
682 2506 767 2571 forte
789 2507 932 2573 moriens
954 2527 1074 2570 nornen
1095 2504 1258 2590 insulae!

154 2606 206 2655 104
215 2592 274 2658 illa
298 2594 384 2660 ostio
409 2592 506 2659 dedit
550 2593 678 2658 Pharos
700 2615 787 2658 nune
804 2593 1020 2658 Alexandriae
1038 2596 1137 2679 ponte
1155 2615 1233 2660 oon-

216 2679 373 2764 iungitur,
396 2679 486 2763 olim,
508 2683 545 2744 nt
563 2679 737 2746 Homerico
757 2681 900 2746 carmine
922 2681 1087 2765 proditum
1105 2685 1165 2767 eet,
1190 2685 1231 2750 ab

215 2765 336 2833 eisdem
365 2766 432 2832 oris
459 2789 555 2834 eursu
583 2767 647 2834 diei
673 2767 775 2834 totius
799 2769 951 2853 abducta,
984 2774 1018 2836 et
1046 2772 1074 2836 ai
1100 2772 1147 2836 ita
1177 2793 1232 2836 ree

212 2854 291 2939 fuit,
319 2855 422 2922 videri
445 2859 555 2939 potest
583 2857 847 2923 consectantibus
870 2858 904 2924 in
927 2861 1057 2925 tantum
1085 2863 1232 2925 mutatae

206 2959 328 3010 'caueae
364 2941 478 3012 Nilum
514 2944 722 3030 praebuisse,
759 2945 836 3012 dum
872 2947 987 3014 limum
1024 2948 1158 3016 subinde
1197 2954 1259 3014 ece

213 3033 386 3118 praecipue
410 3053 485 3100 eum
504 3033 680 3100 exundaret
697 3034 788 3100 litori
806 3035 979 3103 adnectens
999 3041 1097 3122 auget
1114 3039 1231 3122 terras,

274 3213 310 3287 Ι3..
329 3206 432 3277 sigaeis
450 3207 478 3264 Δ
540 3213 566 3264 9.
584 3208 715 3290 pyrroni
777 3207 934 3310 erbesoslrl
996 3214 1037 3262 12.
1058 3219 1182 3330 oaffpros
1204 3213 1233 3265 A

214 3275 351 3429 euclide?
369 3278 1070 3431 AlCCCC‘lbrCitmriCrelCtlbongreAAmcltCfflffi
1084 3287 1231 3407 inmittelrid

212 3431 311 3486 aerepm
367 3421 408 3472 18.
422 3423 561 3476 nomena
575 3437 708 3476 navemn
753 3419 863 3489 ahqnot
876 3418 917 3473 Α1
931 3433 998 3474 corr.
1051 3424 1091 3476 19.
1106 3417 1185 3490 palos
1199 3424 1230 3476 A

257 3493 300 3543 20.
316 3485 515 3543 ammonem
525 3489 717 3546 affirmantA’
762 3497 804 3546 ³1.
815 3489 967 3544 adnectens
977 3488 1018 3543 A¹
1028 3492 1177 3546 annectens
1186 3491 1229 3546 A¹
