2610 4072
211 251 254 318 28
559 251 737 308 ΡΟΜΡΟΝΙΙ
755 251 881 308 Mutua

176 419 289 482 nsunt
310 415 423 484 infesti
446 415 691 500 attingentibus.
736 414 907 480 hominum
935 413 1032 498 primi
1055 418 1134 480 sunt
1158 412 1256 500 Scy·

210 503 303 589 thae,
331 502 589 590 Scytharumque
617 503 688 586 quis
717 502 837 587 singuli
865 503 951 568 oculi
981 523 1050 570 esse
1078 503 1253 568 dicuntur

210 591 413 677 Arimaspoe,
432 592 473 657 ab
492 591 538 659 eis
551 589 736 658 Essedones
750 611 853 675 usque
872 592 913 657 ad
927 589 1101 658 Maeotida
1132 591 1250 657 huius

210 681 328 746 flexum
351 680 455 746 Buces
479 681 585 745 amnis
610 684 708 746 secat.
753 678 935 765 Agathyrsi
959 683 994 746 et
1016 678 1249 746 Sauromatae

211 768 374 853 ambiunt,
398 769 475 853 quia
491 790 552 853 pro
572 768 703 837 sedibus
721 768 872 852 plaustra
888 767 1014 834 habent
1032 769 1112 834 dicti
1130 766 1245 836 Ama·
1261 784 1278 824 ⁵¹

210 856 335 922 robioe.
381 857 515 942 obliqua
537 861 616 924 tunc
638 857 680 922 ad
702 855 910 940 Bosphorum
933 856 1032 942 plaga
1058 877 1244 922 excurrens

174 943 316 1010 aPonto
341 967 379 1010 ac
400 943 565 1012 Maeotide
587 945 773 1012 includitur.
818 946 854 1010 in
876 945 1032 1010 Paludem
1060 947 1244 1029 vergentia
1277 1007 1278 1012 ,

211 1029 390 1101 Satarchae
420 1038 548 1120 tenent,
579 1035 614 1099 in
645 1033 852 1119 Bosphorum
885 1031 1079 1101 Cimmerica
1110 1034 1242 1117 oppida
1277 1027 1278 1040 ¹

209 1119 427 1207 Murmecion,
453 1121 708 1206 Panticapaeon,
731 1121 929 1199 Theodosia,
950 1121 1169 1206 Hermisium,
1200 1124 1241 1188 in

209 1209 375 1276 Euxinum
397 1233 487 1276 mare
505 1209 643 1275 Taurici.
690 1229 796 1293 super¹
810 1231 865 1274 eos
884 1211 974 1275 sinus
997 1214 1174 1294 portuosus
1203 1217 1240 1276 et
1253 1231 1272 1268 u

210 1298 282 1364 ideo
307 1297 405 1365 Calos
433 1299 535 1364 limen
558 1297 741 1381 appellatus
768 1298 1003 1381 promunturiis
1031 1298 1158 1364 duobus
1182 1299 1238 1364 in-

210 1386 359 1451 cluditur.
410 1387 551 1453 alterum
579 1383 657 1450 Criu
687 1390 843 1470 metopon
874 1391 1006 1470 vocant,
1035 1385 1237 1454 Carambico

209 1474 296 1557 quod
325 1474 360 1538 in
386 1474 468 1540 Asia
496 1473 637 1540 diximus
665 1496 725 1558 par
753 1478 787 1538 et
815 1474 1001 1559 adversum,
1026 1473 1235 1542 Parthenion

209 1561 359 1627 alterum.
404 1562 559 1647 oppidum
587 1563 714 1628 adiacet
741 1560 975 1647 Cherronesus,
1004 1585 1023 1628 a
1049 1562 1173 1648 Diana,
1201 1567 1233 1630 si

209 1649 364 1736 creditur,
391 1651 571 1735 conditum,
598 1655 632 1716 et
654 1652 841 1736 nymphaeo
865 1673 964 1737 specu
986 1652 1072 1737 quod
1097 1653 1132 1717 in
1154 1671 1266 1718 arceo

172 1738 279 1803 taius
307 1739 461 1824 nymphis
494 1743 656 1806 sacratum
690 1744 740 1806 est
770 1741 910 1805 maxime
941 1741 1088 1807 inlustre.
1138 1742 1231 1807 subit

209 1830 280 1893 tum
303 1830 410 1913 ripam
432 1851 537 1913 mare,
564 1832 598 1894 et
626 1829 728 1894 donec
750 1831 892 1914 quinque
919 1828 1049 1894 milium
1073 1851 1229 1913 passuum

212 1917 318 1999 spatio
343 1916 431 1981 absit
450 1939 470 1982 a
487 1915 660 2000 Maeotide,
681 1917 879 2002 refugientia
902 1940 1003 2001 usque
1027 1917 1227 2001 subsequens

209 2002 319 2087 litora,
338 2025 436 2087 quam
452 2003 627 2070 Satarchae
647 2007 681 2069 et
695 2004 825 2069 Taurici
839 2009 952 2070 tenent
964 2027 1067 2091 paene
1085 2005 1226 2070 insulam

208 2090 322 2155 reddit.
373 2092 460 2174 quod
491 2092 577 2156 inter
603 2090 761 2158 Paludem
793 2096 826 2157 et
859 2094 967 2158 sinum
999 2098 1048 2158 est
1075 2092 1225 2177 Taphrae
1241 2113 1264 2153 ao

207 2179 427 2265 nominantur,
452 2180 540 2246 sinus
560 2178 750 2246 Carcinites.
790 2181 830 2260 in
853 2204 891 2247 eo
910 2183 988 2247 urbs
1013 2185 1062 2248 est
1081 2179 1226 2266 Carcine,

207 2288 305 2352 quam
337 2268 401 2335 duo
433 2269 568 2336 flumina
599 2267 743 2334 Gerrhos
780 2273 814 2334 et
845 2269 1010 2354 Ypacares
1042 2291 1107 2336 uno
1140 2272 1225 2337 ostio

178 2365 181 2372 ⁴
207 2355 374 2424 effluentia
393 2357 576 2444 adtingunt,
593 2380 706 2424 verum
726 2357 860 2424 dirersis
878 2360 1025 2426 fontibus
1043 2362 1078 2424 et
1096 2359 1225 2426 aliunde

207 2444 343 2530 delapsi.
392 2469 469 2512 nam
497 2445 641 2514 Gerrhos
673 2448 758 2512 inter
789 2445 953 2516 Basilidas
986 2451 1019 2512 et
1049 2445 1225 2533 Nomadas,

172 2546 189 2596 o
213 2533 368 2618 Ypacares
389 2557 448 2618 per
471 2537 634 2602 Nomados
661 2536 832 2602 evolvitur.
878 2537 979 2602 silvae
1006 2535 1120 2602 deinde
1147 2543 1225 2602 sunt
1238 2555 1262 2594 2⁵

206 2644 288 2705 quas
316 2623 476 2688 maximas
503 2623 566 2687 hae
593 2629 701 2687 terrae
729 2623 850 2705 ferunt,
882 2628 916 2687 et
944 2623 1138 2708 Panticapes
1169 2617 1224 2710 qiri

205 2708 373 2775 Nomadas
402 2709 613 2794 Georgosque
643 2707 856 2773 disterminat.
906 2715 995 2776 terra
1027 2715 1098 2778 tum
1127 2715 1222 2797 longe

207 2797 351 2862 distenta
377 2797 467 2862 tenui
494 2796 602 2861 radice
630 2795 718 2860 litori
752 2795 950 2882 adnectitur,
976 2803 1053 2883 post
1081 2802 1222 2886 spatiosa

275 3026 301 3075 3.
321 3019 509 3091 arimarnpsae
527 3022 555 3074 A
569 3020 725 3093 Armaspoe
745 3023 773 3080 J.
791 3023 946 3082 Gronovius
1019 3035 1043 3083 ⁷.
1062 3027 1179 3082 includit
1191 3029 1221 3080 A

203 3090 389 3146 includituro
442 3091 548 3163 palude
561 3093 590 3146 A
644 3099 669 3149 8.
685 3095 835 3167 sarthagae
849 3097 877 3150 A
892 3097 1043 3153 Satarchae
1057 3116 1077 3153 rc
1125 3095 1221 3148 cimer-

202 3161 305 3216 ricaA
360 3168 402 3217 10.
416 3162 534 3218 tauricis
548 3165 576 3218 A
628 3172 668 3220 14.
684 3167 817 3223 cerrhone
832 3168 859 3221 A
875 3166 1062 3223 Cherronesus
1076 3166 1220 3220 Barbarus

252 3305 257 3315 Ι
276 3239 316 3317 tt.
333 3232 394 3306 eills
408 3235 436 3289 A
490 3233 623 3292 inlustres
636 3237 678 3291 A¹
692 3236 818 3293 illustres
831 3237 873 3290 A²
945 3245 986 3292 19.
1006 3236 1081 3305 quod
1094 3236 1218 3316 Aquam

433 3306 960 3434 trecassenus.
1069 3305 1219 3434 susc

201 3443 343 3515 Ypacares
357 3463 409 3515 per
420 3447 564 3503 Nomadas
583 3451 687 3520 occepit
703 3448 815 3506 Vocatur
886 3453 928 3504 28.
939 3455 1003 3518 post
1017 3446 1141 3504 distenta
1154 3451 1214 3507 odd.

200 3519 229 3572 A
249 3515 386 3571 excedens
405 3535 466 3576 cam
485 3519 621 3578 Pintiaao
642 3522 727 3578 deleat
