2610 4072
195 251 236 316 10
533 249 854 306 eouromrunmn

193 412 392 499 Carthagine
412 413 454 479 ad
477 412 691 479 dirimendum
715 412 903 480 condicione
921 414 1042 479 bellum
1065 412 1118 478 diu
1141 413 1216 479 iam

193 503 232 568 de
254 502 372 568 finibus
401 506 435 566 et
457 523 529 567 cum
553 503 680 588 magnis
705 503 874 568 amborum
898 502 1043 568 cladibus
1069 507 1235 587 gestum,-

192 595 367 676 postquam
393 591 428 655 in
456 611 494 655 eo
518 591 603 674 quod
627 594 823 656 convenerat
848 612 917 656 non
937 591 1145 675 manebatur,
1172 597 1216 656 ut

193 680 250 744 ubi
277 680 380 763 legati
406 682 646 761 concurrerent,
678 683 766 745 certo
794 683 940 765 tempore
968 680 1132 764 utrimque
1162 679 1214 745 di-

193 767 299 850 missi,
331 767 378 832 ibi
405 767 539 832 termini
567 771 800 852 statuerentur,
830 769 918 852 pacti
946 767 985 833 de
1013 768 1141 854 integro
1173 773 1247 836 uta
1281 829 1282 854 ,

194 855 349 941 quidquid
377 857 459 921 eitra
486 861 573 922 esset
604 856 817 942 popularibus
850 857 990 942 cederet,
1023 857 1141 922 mirum
1175 863 1214 922 et

193 944 351 1010 memoria
374 945 603 1030 dignissimum
621 944 756 1029 facinus,
778 945 831 1012 hic
850 967 885 1011 se
908 947 999 1012 vivos
1021 945 1115 1011 obrui
1138 965 1213 1029 per-

193 1033 346 1100 tulerunt.

280 1122 359 1188 Inde
383 1123 423 1188 ad
444 1121 685 1189 Catabathmon
708 1120 886 1206 Cyrenaica
904 1123 1074 1206 provincia
1092 1127 1142 1188 est
1173 1123 1212 1187 in

193 1233 294 1296 eaque
317 1215 393 1276 sunt
411 1210 604 1276 Hammonis
623 1211 790 1276 oraculum
808 1209 885 1275 fidei
907 1210 1059 1296 inclutae,
1081 1216 1115 1277 et
1132 1210 1210 1277 fons
1229 1235 1255 1278 u

193 1321 288 1383 quem
307 1297 393 1364 Solis
417 1298 593 1383 adpellant,
616 1302 649 1364 et
671 1320 767 1383 rupes
791 1298 947 1383 quaedam
970 1304 1082 1366 austro
1106 1320 1211 1366 sacra.

192 1388 272 1451 haee
305 1407 377 1452 cum
404 1386 573 1452 hominum
603 1409 702 1454 manu
735 1388 907 1474 attingitur
938 1388 995 1453 ille
1026 1387 1209 1455 inmodicus

193 1474 322 1558 exurgit
348 1474 552 1560 harenaeque
580 1477 674 1561 quasi
700 1477 806 1542 maria
833 1497 932 1563 agens
961 1477 1008 1543 sic
1036 1477 1142 1544 saevit
1170 1483 1210 1544 ut

191 1561 355 1628 fluetibus.
399 1562 474 1629 fone
502 1564 608 1630 media
629 1569 725 1631 nocte
747 1565 863 1649 fervet,
889 1587 967 1631 mox
991 1569 1026 1632 et
1048 1567 1208 1651 paulatim

191 1656 361 1735 tepescens
393 1652 433 1718 fit
462 1653 533 1719 luce
563 1653 720 1740 frigidus,
756 1657 835 1720 tunc
866 1658 903 1719 ut
939 1654 989 1720 sol
1021 1656 1128 1741 surgit
1159 1656 1209 1722 ita
1225 1679 1252 1720 re

193 1741 329 1807 subinde
356 1741 508 1829 frigidior
534 1765 593 1828 per
620 1744 788 1810 meridiem
816 1743 956 1809 maxime
983 1744 1081 1829 riget,
1109 1744 1209 1810 sumit

192 1830 267 1894 dein
293 1834 440 1915 teporem
468 1831 601 1916 iterum,
629 1837 661 1897 et
688 1833 795 1916 prima
821 1836 917 1898 nocte
945 1831 1084 1918 calidus,
1111 1837 1208 1918 atque

193 1921 230 1982 ut
262 1917 321 1982 illa
352 1919 499 2001 procedit
529 1920 578 1984 ita
610 1920 748 1984 calidior
778 1941 889 1984 uersus
918 1941 991 1984 cum
1024 1926 1074 1984 est
1101 1921 1207 1988 media

139 2020 174 2070 40
194 2005 362 2090 perferret.
413 2007 448 2070 in
476 2007 572 2071 litore
600 2007 826 2090 promunturia
853 2010 930 2072 sunt
957 2006 1144 2088 Zephyrion
1174 2014 1209 2073 et

192 2092 437 2177 Naustathmos,
451 2097 564 2178 portus
578 2094 802 2178 Paraetonius,
816 2094 912 2160 urbes
922 2093 1092 2178 Hesperia,
1105 2094 1208 2178 Apol·
1222 2122 1250 2162 so

191 2183 291 2262 lonia,
313 2181 499 2262 Ptolemais,
521 2183 661 2249 Arsinoe
680 2186 777 2268 atque
800 2182 883 2248 unde
901 2183 999 2248 terris
1016 2205 1136 2250 nomen
1157 2189 1210 2250 est

192 2273 265 2358 ipsa
283 2268 418 2355 Cyrene.
452 2268 688 2338 Catabathmus
707 2271 804 2338 vallis
823 2271 946 2338 devexa
964 2273 999 2338 in
1018 2271 1207 2360 Aegyptum

138 2374 172 2424 41
192 2361 266 2426 finit
284 2360 440 2427 Africam.
472 2383 548 2428 orae
567 2362 614 2428 sic
631 2361 822 2428 habitantur
841 2361 882 2426 ad
899 2366 1049 2429 nostrum
1067 2362 1206 2429 maxime

191 2450 292 2515 ritum
319 2451 455 2516 moratis
483 2451 676 2536 cultoribus,
708 2451 771 2517 nisi
803 2451 889 2537 quod
921 2451 1053 2536 quidam
1085 2451 1205 2534 linguis

193 2538 347 2602 differunt
370 2542 403 2603 et
422 2539 511 2604 cultu
535 2540 629 2605 deum
648 2561 729 2624 quos
747 2541 874 2623 patrios
893 2541 1025 2603 servant
1043 2559 1080 2601 ac
1099 2538 1204 2620 patrio
1221 2561 1248 2601 ss

192 2647 283 2691 more
301 2630 508 2691 venerantur.
540 2627 697 2710 proximis
716 2626 826 2690 nullae
841 2624 973 2709 quidem
992 2625 1088 2689 urbes
1108 2627 1204 2708 stant,

191 2716 303 2778 tamen
319 2712 484 2778 domicilia
503 2716 579 2778 suut
597 2735 680 2798 quae
695 2713 836 2796 mapalia
855 2713 1069 2797 appellantur.
1101 2713 1205 2779 victus

192 2821 287 2884 asper
315 2805 348 2866 et
374 2801 543 2867 munditiis
571 2822 693 2866 carens.
742 2801 902 2884 primores
931 2801 1019 2888 sagis
1047 2803 1202 2882 velantur,

191 2889 308 2974 vulgus
336 2889 515 2955 bestiarum
543 2889 767 2976 pecudumque
793 2890 944 2975 pellibus.
994 2891 1086 2958 humi
1115 2891 1204 2977 quies

192 2978 369 3065 epulaeque
401 2979 582 3063 capiuntur.
635 3001 715 3046 vasa
746 2979 838 3065 ligno
875 2979 958 3045 liunt
989 2985 1047 3047 aut
1079 2981 1205 3048 cortice.
1218 3000 1245 3042 eo

138 1178 173 1227 39

263 3177 288 3226 4.
312 3173 510 3228 concurrerant
532 3171 560 3226 A
578 3173 775 3227 concurrerent
796 3188 816 3227 a
889 3176 914 3225 9.
939 3169 1156 3225 cathabathmon
1177 3169 1205 3222 A

246 3243 394 3310 cyrenaica
407 3243 435 3299 A
490 3250 532 3299 10.
552 3241 675 3312 inclytae
689 3243 717 3298 A
774 3249 816 3298 11.
835 3239 983 3311 adpellant
1001 3235 1205 3320 Atappellaut

192 3311 234 3366 A’
306 3319 348 3368 12.
371 3313 527 3369 inmodicus
546 3314 587 3370 A¹
611 3313 777 3368 immodicus
799 3311 842 3367 A·
913 3317 955 3367 18.
980 3308 1087 3365 cald10r
1109 3311 1137 3365 A

194 3389 235 3439 19.
254 3384 448 3453 promontoria
465 3386 506 3440 A¹
525 3401 593 3442 corr.
648 3391 691 3440 20.
710 3381 872 3454 paretonius
891 3382 919 3437 A
978 3387 1021 3436 21.
1039 3379 1204 3451 ptolemaeis
1275 3437 1276 3446 χ

192 3455 234 3510 A¹
251 3454 402 3525 ptolemais
420 3455 462 3509 A¹
516 3463 559 3512 aa.
579 3455 753 3510 catabatmos
773 3455 814 3509 A¹
837 3451 1032 3510 catabathmos
1050 3451 1092 3507 A·
1162 3457 1203 3508 at.
1275 3473 1276 3492 1

192 3524 335 3597 mappalia
349 3526 390 3583 A¹
403 3526 526 3597 mapalia
540 3525 581 3582 A·
