2610 4072
375 263 557 324 onerosa.
575 263 618 320 111
635 270 652 322 s
670 265 798 334 (au-ro)
1055 262 1099 328 65

70 434 263 515 iterumque
310 450 344 494 er
363 449 494 512 campos
516 427 635 494 tacitum
659 430 693 494 et
715 425 769 490 vix
787 425 891 492 fluens
913 423 949 490 in
966 424 1001 490 id
1018 425 1098 491 litus

72 520 232 586 elabitur.
281 451 385 602 gyrus
414 521 447 583 et
474 514 654 601 Cambyses
688 537 727 580 ex
756 513 920 580 radicibus
948 510 1099 580 Coraxici
1117 529 1151 578 41

71 608 200 674 montis
223 605 338 674 vicinis
356 606 502 672 fontibus
522 604 602 670 editi
623 604 659 670 in
677 603 806 670 diversa
825 603 956 685 abeunt,
977 622 1099 687 perque

71 697 220 764 Hiberas
244 697 278 760 et
294 693 466 780 Hyrcanos
490 693 546 758 diu
564 696 597 758 et
615 692 757 758 multum
778 691 976 757 distantibus
995 691 1102 757 alveis*

34 801 52 843 ⁶
73 785 240 866 defluunt,
268 788 345 867 post
371 803 438 848 non
459 781 558 866 longe
586 802 605 847 a
632 778 717 846 mari
738 778 852 844 eodem
877 780 952 846 lacu
975 779 1099 864 accepti

71 875 113 938 in
130 871 335 956 Hyrcanium
358 870 465 934 sinum
483 889 549 934 uuo
573 889 629 934 ore
646 867 850 952 perveniunt.
894 867 1040 934 Iaxmtes
1065 871 1098 934 et
1118 882 1152 930 42

75 960 170 1027 Oxos
192 981 252 1043 per
275 958 403 1024 deserta
422 956 575 1044 Scythiae
595 977 636 1022 ex
653 953 894 1041 Sugdienorum
911 956 1099 1042 regionibus

75 1049 115 1114 iu
138 1045 329 1133 Scythicum
352 1049 482 1130 exeunt,
509 1045 567 1110 ille
593 1067 654 1110 suo
682 1044 773 1110 fonte
796 1043 944 1128 grandis,
969 1043 1023 1110 hic
1049 1044 1100 1110 in-

76 1158 176 1202 cursu
199 1135 339 1201 aliorum
358 1133 523 1220 grandior,
545 1136 578 1200 et
601 1131 800 1217 aliquamdiu
823 1132 863 1198 ad
886 1153 1035 1198 occasum
1058 1134 1100 1198 ab

23 1243 56 1283 ιο
75 1225 206 1291 oriente
224 1244 396 1290 occurrens
418 1223 512 1288 iuxta
528 1221 642 1288 Dahas
662 1221 805 1306 primum
823 1221 1008 1306 inflectitur,
1031 1243 1101 1287 cur-

74 1334 181 1396 suque
209 1311 251 1376 ad
283 1309 539 1396 septentrionem
571 1330 728 1377 converso
759 1309 847 1374 inter
873 1309 1034 1376 Amardos
1067 1313 1101 1374 et
1233 1368 1236 1373 .

74 1401 231 1466 Paesicas
254 1422 291 1466 os
315 1398 428 1484 aperit.
475 1399 577 1465 silvae
600 1398 667 1464 alia
693 1419 821 1482 quoque
845 1396 918 1462 dira
942 1398 1099 1464 animalia
1118 1412 1152 1461 43

75 1509 192 1554 verum
231 1491 264 1554 et
299 1489 402 1574 tigres
438 1487 547 1553 ferunt
582 1487 694 1571 utique
727 1485 929 1571 Hyrcaniae,
966 1508 1099 1553 saevum

75 1577 224 1642 ferarum
256 1597 361 1662 genus
394 1580 428 1642 et
458 1597 561 1660 usque
597 1597 636 1640 eo
669 1575 800 1659 pernix,
836 1578 873 1641 ut
904 1574 970 1641 illis
1002 1576 1100 1661 longe

31 1683 61 1724 15
77 1687 210 1750 quoque
245 1685 474 1750 praegressum
510 1663 653 1748 equitem
690 1663 843 1747 consequi
879 1684 938 1728 nec
969 1667 1101 1730 tantum

80 1754 185 1818 semel
208 1753 265 1816 sed
287 1752 484 1836 aliquotiens
509 1751 609 1818 etiam
632 1773 727 1818 cursu
749 1751 834 1816 unde
858 1751 1003 1836 coeperit
1026 1752 1100 1817 sub-

80 1841 158 1906 inde
185 1839 324 1924 repetito
349 1840 481 1906 solitum
507 1843 541 1929 et
567 1839 662 1906 facile
689 1840 743 1908 sit.
789 1861 888 1906 causa
915 1862 955 1906 ex
977 1861 1015 1906 eo
1039 1845 1100 1924 est,

82 1928 169 2014 quod
198 1927 253 1993 ubi
279 1929 336 1993 ille
364 1929 562 2012 interceptos
592 1949 704 1994 earum
732 1929 857 1996 catulos
881 1928 964 1995 citus
994 1929 1102 2014 coepit

81 2017 229 2099 avehere,
249 2020 282 2082 et
299 2016 426 2083 rabiem
444 2016 774 2102 adpropinquantium
792 2020 866 2084 astu
884 2016 1100 2084 fruebaturus

34 2125 66 2164 ao
81 2127 182 2172 unum
205 2105 246 2170 de
266 2105 415 2189 pluribus
439 2105 566 2188 omisit,
591 2105 655 2172 hae
676 2105 855 2191 proiectum
880 2106 1045 2192 excipiunt
1068 2111 1102 2174 et

83 2193 125 2257 ad
147 2193 268 2258 cubilia
286 2215 345 2258 sua
366 2193 520 2274 refenmt,
542 2216 735 2279 rursumque
754 2200 788 2260 et
806 2195 935 2280 saepius
954 2200 1101 2261 remeant

51 2311 56 2318 ·
84 2284 181 2363 atque
199 2279 286 2344 idem
304 2280 458 2365 efficiunt,
475 2282 578 2348 donec
596 2282 639 2347 ad
654 2282 877 2369 frequentiora
895 2304 993 2367 quam
1012 2283 1102 2348 adire

84 2367 226 2433 audeant
244 2367 403 2453 profugus
420 2372 535 2454 raptor
552 2370 678 2436 evadat.
709 2372 798 2436 ultra
817 2368 974 2455 Caspium
993 2371 1101 2437 sinum
1118 2387 1153 2438 44

85 2455 239 2540 quidnam
258 2461 344 2522 esset
362 2457 553 2542 ambiguum
571 2459 771 2544 aliquamdiu
788 2458 861 2544 fuit,
883 2459 1011 2524 idemne
1031 2480 1101 2526 oce·

40 2562 69 2603 aa
86 2567 166 2610 anus
190 2566 233 2610 an
255 2545 354 2612 tellus
377 2545 497 2612 infesta
518 2546 697 2632 frigoribus
726 2550 796 2614 sine
820 2547 947 2614 ambitu
970 2570 1008 2614 ac
1031 2549 1103 2614 sine

83 2634 147 2700 fine
183 2633 338 2718 proiecta.
398 2635 454 2701 sed
496 2639 627 2720 praeter
666 2636 819 2721 physicos
860 2635 1102 2724 Homerumque
1120 2651 1154 2702 4⁶

83 2723 271 2789 universum
312 2723 425 2789 orbem
466 2725 556 2790 mari·
591 2724 823 2791 circumfusum
860 2747 930 2793 esse
971 2726 1102 2792 disserit

85 2808 255 2876 Cornelius
278 2809 390 2896 Nepos
417 2815 454 2877 ut
477 2814 652 2898 recentior,
680 2815 874 2881 auctoritate
897 2815 945 2880 sic
970 2816 1101 2898 certior,

156 3039 182 3088 2.
197 3033 302 3088 corsici
312 3035 339 3089 A
350 3033 477 3092 Coraxici
490 3053 511 3091 a
564 3045 589 3094 3.
601 3038 672 3094 editi
685 3041 715 3094 ct
727 3039 794 3096 inA
809 3038 881 3095 editi
894 3037 925 3094 in
939 3038 1102 3096 Oicccomas

120 3110 145 3160 4.
159 3104 310 3186 byrcamos
319 3107 348 3160 A
357 3106 531 3174 Hyrcanoso
569 3116 592 3164 6.
607 3110 728 3165 Iaxartes
737 3112 765 3165 A
807 3117 831 3165 6.
843 3116 867 3167 7.
883 3111 912 3165 et
925 3127 977 3180 per
990 3110 1102 3167 deserta

87 3174 213 3244 scythiae
232 3192 300 3232 oxos
318 3177 360 3232 A¹
379 3178 409 3232 et
427 3193 494 3232 oxos
513 3194 564 3250 per
583 3179 695 3236 deserta
713 3180 841 3250 scythiae
854 3180 895 3236 A¹
951 3188 975 3238 7.
995 3181 1103 3237 surdiu-

86 3262 183 3327 norum
201 3247 230 3301 A
250 3247 456 3318 Sugdianorum
474 3249 640 3308 Reiaoldc'ue
712 3257 737 3308 9.
757 3251 942 3326 aliquanlsdiu
959 3253 986 3309 A
1060 3261 1103 3311 12.

88 3317 181 3397 aperit
194 3317 237 3371 A¹
260 3317 386 3389 aperitur
403 3318 443 3373 A’
490 3327 494 3329 ’
518 3327 559 3376 19.
579 3321 868 3393 adpropinquantium
890 3323 931 3377 A¹
950 3325 1102 3397 appropin-

88 3387 231 3452 quantium
253 3389 294 3444 A²
367 3396 408 3444 20.
428 3391 541 3448 omissis
559 3394 587 3449 A
611 3392 707 3448 omisit
730 3411 750 3448 a
822 3399 865 3449 21.
888 3399 1053 3452 remaneant
1073 3398 1102 3453 A

87 3459 211 3536 remeant
232 3476 252 3512 u
323 3468 366 3517 22.
387 3462 417 3515 at
437 3477 472 3516 ue
490 3463 531 3518 A¹
554 3480 622 3520 corr.
696 3471 739 3520 24.
758 3463 941 3538 aliquanssdiu
959 3468 986 3522 A
1058 3473 1101 3522 27.

88 3525 217 3580 dnerunt
234 3529 262 3583 A
281 3531 395 3587 disserit
490 3535 528 3590 'us
552 3535 729 3591 Wactsmatb

139 3627 278 3676 Pomponius
293 3629 361 3673 Mela.
926 3630 942 3678 5
