<?xml version="1.0" encoding="UTF-8"?>
<!DOCTYPE html PUBLIC "-//W3C//DTD XHTML 1.0 Transitional//EN"
    "http://www.w3.org/TR/xhtml1/DTD/xhtml1-transitional.dtd">
<html xmlns="http://www.w3.org/1999/xhtml" xml:lang="en" lang="en">
 <head>
  <title>
</title>
<meta http-equiv="Content-Type" content="text/html;charset=utf-8" />
  <meta name='ocr-system' content='tesseract 3.04.00' />
  <meta name='ocr-capabilities' content='ocr_page ocr_carea ocr_par ocr_line ocrx_word'/>
</head>
<body>
  <div class='ocr_page' id='page_1' title='image "./pomponiimelaede04melagoog_0045.png"; bbox 0 0 2610 4072; ppageno 0'>
   <div class='ocr_carea' id='block_1_1' title="bbox 204 252 872 323">
    <p class='ocr_par' dir='ltr' id='par_1_1' title="bbox 204 252 872 323">
     <span class='ocr_line' id='line_1_1' title="bbox 204 252 872 323; baseline -0.024 0"><span class='ocrx_word' id='word_1_1' title='bbox 204 257 248 323; x_wconf 84' lang='lat'><strong>30</strong></span> <span class='ocrx_word' id='word_1_2' title='bbox 551 253 730 312; x_wconf 84' lang='lat' dir='ltr'><strong>POMPONII</strong></span> <span class='ocrx_word' id='word_1_3' title='bbox 747 252 872 310; x_wconf 77' lang='lat' dir='ltr'><strong>Manna</strong></span> 
     </span>
    </p>
   </div>
   <div class='ocr_carea' id='block_1_2' title="bbox 152 416 1277 1634">
    <p class='ocr_par' dir='ltr' id='par_1_2' title="bbox 152 416 1277 1634">
     <span class='ocr_line' id='line_1_2' title="bbox 202 416 1234 501; baseline -0.006 -13"><span class='ocrx_word' id='word_1_4' title='bbox 202 420 287 488; x_wconf 86' lang='lat' dir='ltr'><strong>tium</strong></span> <span class='ocrx_word' id='word_1_5' title='bbox 312 419 474 488; x_wconf 85' lang='lat' dir='ltr'><strong>differunt</strong></span> <span class='ocrx_word' id='word_1_6' title='bbox 519 416 704 484; x_wconf 79' lang='lat' dir='ltr'><strong>Essedones</strong></span> <span class='ocrx_word' id='word_1_7' title='bbox 731 416 845 482; x_wconf 87' lang='lat' dir='ltr'><strong>funere</strong></span> <span class='ocrx_word' id='word_1_8' title='bbox 871 417 1055 501; x_wconf 89' lang='lat' dir='ltr'><strong>parentium</strong></span> <span class='ocrx_word' id='word_1_9' title='bbox 1083 416 1165 482; x_wconf 88' lang='lat' dir='ltr'><strong>laeti</strong></span> <span class='ocrx_word' id='word_1_10' title='bbox 1192 421 1234 482; x_wconf 88' lang='lat' dir='ltr'><strong>et</strong></span> 
     </span>
     <span class='ocr_line' id='line_1_3' title="bbox 203 504 1234 588; baseline -0.006 -12"><span class='ocrx_word' id='word_1_11' title='bbox 203 509 346 576; x_wconf 84' lang='lat' dir='ltr'><strong>victimis</strong></span> <span class='ocrx_word' id='word_1_12' title='bbox 370 528 408 573; x_wconf 89' lang='lat' dir='ltr'><strong>ac</strong></span> <span class='ocrx_word' id='word_1_13' title='bbox 425 506 508 572; x_wconf 81' lang='lat' dir='ltr'><strong>festo</strong></span> <span class='ocrx_word' id='word_1_14' title='bbox 528 506 617 572; x_wconf 90' lang='lat' dir='ltr'><strong>coitu</strong></span> <span class='ocrx_word' id='word_1_15' title='bbox 634 504 846 572; x_wconf 76' lang='lat' dir='ltr'><strong>familiarium</strong></span> <span class='ocrx_word' id='word_1_16' title='bbox 864 505 1038 574; x_wconf 88' lang='lat' dir='ltr'><strong>celebrant.</strong></span> <span class='ocrx_word' id='word_1_17' title='bbox 1083 526 1234 588; x_wconf 84' lang='lat' dir='ltr'><strong>corpora</strong></span> 
     </span>
     <span class='ocr_line' id='line_1_4' title="bbox 204 594 1230 683; baseline -0.002 -21"><span class='ocrx_word' id='word_1_18' title='bbox 204 599 277 683; x_wconf 88' lang='lat' dir='ltr'><strong>ipsa</strong></span> <span class='ocrx_word' id='word_1_19' title='bbox 292 596 417 664; x_wconf 84' lang='lat' dir='ltr'><strong>laniata</strong></span> <span class='ocrx_word' id='word_1_20' title='bbox 434 599 468 660; x_wconf 90' lang='lat' dir='ltr'><strong>et</strong></span> <span class='ocrx_word' id='word_1_21' title='bbox 484 595 590 662; x_wconf 86' lang='lat' dir='ltr'><strong>caesis</strong></span> <span class='ocrx_word' id='word_1_22' title='bbox 607 615 762 678; x_wconf 88' lang='lat' dir='ltr'><strong>pecorum</strong></span> <span class='ocrx_word' id='word_1_23' title='bbox 780 594 958 660; x_wconf 83' lang='lat' dir='ltr'><strong>visceribus</strong></span> <span class='ocrx_word' id='word_1_24' title='bbox 976 594 1126 662; x_wconf 86' lang='lat' dir='ltr'><strong>immixta</strong></span> <span class='ocrx_word' id='word_1_25' title='bbox 1143 615 1230 678; x_wconf 88' lang='lat' dir='ltr'><strong>epu-</strong></span> 
     </span>
     <span class='ocr_line' id='line_1_5' title="bbox 204 681 1230 768; baseline -0.002 -18"><span class='ocrx_word' id='word_1_26' title='bbox 204 685 302 752; x_wconf 91' lang='lat' dir='ltr'><strong>lando</strong></span> <span class='ocrx_word' id='word_1_27' title='bbox 330 687 534 750; x_wconf 85' lang='lat' dir='ltr'><strong>consumunt</strong></span> <span class='ocrx_word' id='word_1_28' title='bbox 579 683 689 768; x_wconf 83' lang='lat' dir='ltr'><strong>capita</strong></span> <span class='ocrx_word' id='word_1_29' title='bbox 715 683 773 748; x_wconf 91' lang='lat' dir='ltr'><strong>ubi</strong></span> <span class='ocrx_word' id='word_1_30' title='bbox 799 681 893 748; x_wconf 84' lang='lat' dir='ltr'><strong>fabre</strong></span> <span class='ocrx_word' id='word_1_31' title='bbox 915 683 1111 766; x_wconf 81' lang='lat' dir='ltr'><strong>expolivere,</strong></span> <span class='ocrx_word' id='word_1_32' title='bbox 1140 703 1230 748; x_wconf 87' lang='lat' dir='ltr'><strong>auro</strong></span> 
     </span>
     <span class='ocr_line' id='line_1_6' title="bbox 204 770 1275 858; baseline -0.004 -18"><span class='ocrx_word' id='word_1_33' title='bbox 204 775 315 840; x_wconf 76' lang='lat' dir='ltr'><strong>vincta</strong></span> <span class='ocrx_word' id='word_1_34' title='bbox 337 794 398 857; x_wconf 89' lang='lat' dir='ltr'><strong>pro</strong></span> <span class='ocrx_word' id='word_1_35' title='bbox 419 773 545 857; x_wconf 84' lang='lat' dir='ltr'><strong>poculis</strong></span> <span class='ocrx_word' id='word_1_36' title='bbox 568 776 695 858; x_wconf 80' lang='lat' dir='ltr'><strong>gerunt.</strong></span> <span class='ocrx_word' id='word_1_37' title='bbox 740 770 820 838; x_wconf 88' lang='lat' dir='ltr'><strong>haec</strong></span> <span class='ocrx_word' id='word_1_38' title='bbox 844 775 920 838; x_wconf 90' lang='lat' dir='ltr'><strong>sunt</strong></span> <span class='ocrx_word' id='word_1_39' title='bbox 943 771 1028 856; x_wconf 87' lang='lat' dir='ltr'><strong>apud</strong></span> <span class='ocrx_word' id='word_1_40' title='bbox 1051 791 1105 836; x_wconf 86' lang='lat' dir='ltr'><strong>eos</strong></span> <span class='ocrx_word' id='word_1_41' title='bbox 1130 771 1229 854; x_wconf 89' lang='lat' dir='ltr'><strong>ipeos</strong></span> <span class='ocrx_word' id='word_1_42' title='bbox 1264 790 1275 828; x_wconf 82' lang='lat'>⁵</span> 
     </span>
     <span class='ocr_line' id='line_1_7' title="bbox 152 859 1230 946; baseline -0.005 -18"><span class='ocrx_word' id='word_1_43' title='bbox 152 877 186 928; x_wconf 91' lang='lat'><strong>10</strong></span> <span class='ocrx_word' id='word_1_44' title='bbox 203 862 338 946; x_wconf 86' lang='lat' dir='ltr'><strong>pietatis</strong></span> <span class='ocrx_word' id='word_1_45' title='bbox 352 860 470 927; x_wconf 87' lang='lat' dir='ltr'><strong>ultima</strong></span> <span class='ocrx_word' id='word_1_46' title='bbox 484 861 601 928; x_wconf 79' lang='lat' dir='ltr'><strong>officia</strong></span> <span class='ocrx_word' id='word_1_47' title='bbox 632 860 816 946; x_wconf 81' lang='lat' dir='ltr'><strong>Agathyrsi</strong></span> <span class='ocrx_word' id='word_1_48' title='bbox 834 882 892 926; x_wconf 88' lang='lat' dir='ltr'><strong>ora</strong></span> <span class='ocrx_word' id='word_1_49' title='bbox 905 863 1057 944; x_wconf 87' lang='lat' dir='ltr'><strong>artusque</strong></span> <span class='ocrx_word' id='word_1_50' title='bbox 1070 859 1230 944; x_wconf 80' lang='lat' dir='ltr'><strong>pingunt,</strong></span> 
     </span>
     <span class='ocr_line' id='line_1_8' title="bbox 204 947 1229 1035; baseline -0.001 -20"><span class='ocrx_word' id='word_1_51' title='bbox 204 954 242 1016; x_wconf 91' lang='lat' dir='ltr'><strong>ut</strong></span> <span class='ocrx_word' id='word_1_52' title='bbox 265 950 384 1035; x_wconf 89' lang='lat' dir='ltr'><strong>quique</strong></span> <span class='ocrx_word' id='word_1_53' title='bbox 407 950 584 1016; x_wconf 87' lang='lat' dir='ltr'><strong>maioribus</strong></span> <span class='ocrx_word' id='word_1_54' title='bbox 607 953 791 1034; x_wconf 73' lang='lat' dir='ltr'><strong>praestant,</strong></span> <span class='ocrx_word' id='word_1_55' title='bbox 817 948 867 1013; x_wconf 85' lang='lat' dir='ltr'><strong>its</strong></span> <span class='ocrx_word' id='word_1_56' title='bbox 888 947 997 1032; x_wconf 83' lang='lat' dir='ltr'><strong>magis</strong></span> <span class='ocrx_word' id='word_1_57' title='bbox 1020 948 1229 1014; x_wconf 87' lang='lat' dir='ltr'><strong>autminus:</strong></span> 
     </span>
     <span class='ocr_line' id='line_1_9' title="bbox 205 1037 1230 1121; baseline -0.001 -17"><span class='ocrx_word' id='word_1_58' title='bbox 205 1042 349 1105; x_wconf 87' lang='lat' dir='ltr'><strong>ceterum</strong></span> <span class='ocrx_word' id='word_1_59' title='bbox 372 1037 475 1105; x_wconf 88' lang='lat' dir='ltr'><strong>isdem</strong></span> <span class='ocrx_word' id='word_1_60' title='bbox 498 1059 609 1104; x_wconf 86' lang='lat' dir='ltr'><strong>omnes</strong></span> <span class='ocrx_word' id='word_1_61' title='bbox 632 1038 720 1104; x_wconf 87' lang='lat' dir='ltr'><strong>notis</strong></span> <span class='ocrx_word' id='word_1_62' title='bbox 743 1042 777 1104; x_wconf 92' lang='lat' dir='ltr'><strong>et</strong></span> <span class='ocrx_word' id='word_1_63' title='bbox 799 1038 846 1103; x_wconf 87' lang='lat' dir='ltr'><strong>sic</strong></span> <span class='ocrx_word' id='word_1_64' title='bbox 872 1041 911 1102; x_wconf 89' lang='lat' dir='ltr'><strong>ut</strong></span> <span class='ocrx_word' id='word_1_65' title='bbox 933 1037 1023 1102; x_wconf 91' lang='lat' dir='ltr'><strong>ablui</strong></span> <span class='ocrx_word' id='word_1_66' title='bbox 1045 1043 1230 1121; x_wconf 75' lang='lat' dir='ltr'><strong>nequeant.</strong></span> 
     </span>
     <span class='ocr_line' id='line_1_10' title="bbox 205 1125 1277 1212; baseline -0.004 -18"><span class='ocrx_word' id='word_1_67' title='bbox 205 1126 381 1196; x_wconf 83' lang='lat' dir='ltr'><strong>Satarchae</strong></span> <span class='ocrx_word' id='word_1_68' title='bbox 404 1127 476 1193; x_wconf 86' lang='lat' dir='ltr'><strong>auri</strong></span> <span class='ocrx_word' id='word_1_69' title='bbox 499 1126 690 1212; x_wconf 77' lang='lat' dir='ltr'><strong>argentique</strong></span> <span class='ocrx_word' id='word_1_70' title='bbox 714 1126 928 1192; x_wconf 88' lang='lat' dir='ltr'><strong>maximarum</strong></span> <span class='ocrx_word' id='word_1_71' title='bbox 947 1125 1090 1209; x_wconf 86' lang='lat' dir='ltr'><strong>pestium</strong></span> <span class='ocrx_word' id='word_1_72' title='bbox 1112 1125 1230 1211; x_wconf 75' lang='lat' dir='ltr'><strong>ignari</strong></span> <span class='ocrx_word' id='word_1_73' title='bbox 1276 1193 1277 1198; x_wconf 60' lang='grc'>,</span> 
     </span>
     <span class='ocr_line' id='line_1_11' title="bbox 204 1213 1277 1298; baseline -0.002 -16"><span class='ocrx_word' id='word_1_74' title='bbox 204 1217 275 1284; x_wconf 87' lang='lat' dir='ltr'><strong>vice</strong></span> <span class='ocrx_word' id='word_1_75' title='bbox 302 1237 410 1283; x_wconf 88' lang='lat' dir='ltr'><strong>rerurn</strong></span> <span class='ocrx_word' id='word_1_76' title='bbox 433 1214 628 1280; x_wconf 86' lang='lat' dir='ltr'><strong>commercia</strong></span> <span class='ocrx_word' id='word_1_77' title='bbox 650 1217 813 1296; x_wconf 81' lang='lat' dir='ltr'><strong>exercent,</strong></span> <span class='ocrx_word' id='word_1_78' title='bbox 841 1217 940 1298; x_wconf 86' lang='lat' dir='ltr'><strong>atque</strong></span> <span class='ocrx_word' id='word_1_79' title='bbox 964 1213 1005 1280; x_wconf 90' lang='lat' dir='ltr'><strong>ob</strong></span> <span class='ocrx_word' id='word_1_80' title='bbox 1032 1235 1129 1280; x_wconf 79' lang='lat' dir='ltr'><strong>saeva</strong></span> <span class='ocrx_word' id='word_1_81' title='bbox 1152 1213 1277 1280; x_wconf 62' lang='lat' dir='ltr'><strong>hie-1⁰¹</strong></span> 
     </span>
     <span class='ocr_line' id='line_1_12' title="bbox 205 1301 1229 1386; baseline -0.003 -15"><span class='ocrx_word' id='word_1_82' title='bbox 205 1306 269 1372; x_wconf 86' lang='lat' dir='ltr'><strong>mie</strong></span> <span class='ocrx_word' id='word_1_83' title='bbox 292 1303 466 1370; x_wconf 83' lang='lat' dir='ltr'><strong>admodum</strong></span> <span class='ocrx_word' id='word_1_84' title='bbox 490 1302 657 1385; x_wconf 83' lang='lat' dir='ltr'><strong>adsiduae,</strong></span> <span class='ocrx_word' id='word_1_85' title='bbox 684 1301 839 1368; x_wconf 82' lang='lat' dir='ltr'><strong>demersis</strong></span> <span class='ocrx_word' id='word_1_86' title='bbox 862 1303 897 1366; x_wconf 93' lang='lat' dir='ltr'><strong>in</strong></span> <span class='ocrx_word' id='word_1_87' title='bbox 918 1301 1053 1367; x_wconf 88' lang='lat' dir='ltr'><strong>humum</strong></span> <span class='ocrx_word' id='word_1_88' title='bbox 1079 1302 1229 1386; x_wconf 87' lang='lat' dir='ltr'><strong>sedibus,</strong></span> 
     </span>
     <span class='ocr_line' id='line_1_13' title="bbox 205 1390 1230 1493; baseline -0.002 -35"><span class='ocrx_word' id='word_1_89' title='bbox 205 1414 319 1476; x_wconf 87' lang='lat' dir='ltr'><strong>specus</strong></span> <span class='ocrx_word' id='word_1_90' title='bbox 343 1390 741 1493; x_wconf 26' lang='lat' dir='ltr'><strong>autsuffoesauhabitant,</strong></span> <span class='ocrx_word' id='word_1_91' title='bbox 763 1393 871 1493; x_wconf 74' lang='lat' dir='ltr'><strong>toturn</strong></span> <span class='ocrx_word' id='word_1_92' title='bbox 893 1390 1019 1492; x_wconf 78' lang='lat' dir='ltr'><strong>bracati</strong></span> <span class='ocrx_word' id='word_1_93' title='bbox 1038 1398 1230 1493; x_wconf 40' lang='lat' dir='ltr'><strong>corpus,·et</strong></span> 
     </span>
     <span class='ocr_line' id='line_1_14' title="bbox 152 1478 1277 1634; baseline 0 0"><span class='ocrx_word' id='word_1_94' title='bbox 152 1497 184 1546; x_wconf 86' lang='lat'><strong>¹¹</strong></span> <span class='ocrx_word' id='word_1_95' title='bbox 204 1478 1228 1634; x_wconf 47' lang='lat' dir='ltr'><strong>ttttfftttttssteVtttuttttttfftt</strong></span> <span class='ocrx_word' id='word_1_96' title='bbox 1276 1581 1277 1586; x_wconf 26' lang='grc' dir='ltr'>ψ</span> 
     </span>
    </p>
   </div>
   <div class='ocr_carea' id='block_1_3' title="bbox 204 1656 1265 2008">
    <p class='ocr_par' dir='ltr' id='par_1_3' title="bbox 204 1656 1265 2008">
     <span class='ocr_line' id='line_1_15' title="bbox 205 1656 1265 1742; baseline 0.001 -20"><span class='ocrx_word' id='word_1_97' title='bbox 205 1658 364 1740; x_wconf 87' lang='lat' dir='ltr'><strong>moribus,</strong></span> <span class='ocrx_word' id='word_1_98' title='bbox 391 1656 630 1742; x_wconf 88' lang='lat' dir='ltr'><strong>immanemque</strong></span> <span class='ocrx_word' id='word_1_99' title='bbox 653 1657 775 1722; x_wconf 84' lang='lat' dir='ltr'><strong>famam</strong></span> <span class='ocrx_word' id='word_1_100' title='bbox 798 1656 922 1722; x_wconf 90' lang='lat' dir='ltr'><strong>habent</strong></span> <span class='ocrx_word' id='word_1_101' title='bbox 944 1657 1049 1722; x_wconf 91' lang='lat' dir='ltr'><strong>solere</strong></span> <span class='ocrx_word' id='word_1_102' title='bbox 1071 1678 1131 1740; x_wconf 91' lang='lat' dir='ltr'><strong>pro</strong></span> <span class='ocrx_word' id='word_1_103' title='bbox 1155 1659 1265 1723; x_wconf 80' lang='lat' dir='ltr'><strong>vic-1⁵</strong></span> 
     </span>
     <span class='ocr_line' id='line_1_16' title="bbox 204 1743 1225 1813; baseline 0.001 -2"><span class='ocrx_word' id='word_1_104' title='bbox 204 1747 295 1813; x_wconf 87' lang='lat' dir='ltr'><strong>timis</strong></span> <span class='ocrx_word' id='word_1_105' title='bbox 310 1745 450 1812; x_wconf 85' lang='lat' dir='ltr'><strong>advenae</strong></span> <span class='ocrx_word' id='word_1_106' title='bbox 466 1745 609 1812; x_wconf 88' lang='lat' dir='ltr'><strong>caedere.</strong></span> <span class='ocrx_word' id='word_1_107' title='bbox 644 1745 799 1812; x_wconf 84' lang='lat' dir='ltr'><strong>Basilidis</strong></span> <span class='ocrx_word' id='word_1_108' title='bbox 814 1745 856 1811; x_wconf 93' lang='lat' dir='ltr'><strong>ab</strong></span> <span class='ocrx_word' id='word_1_109' title='bbox 870 1743 1011 1811; x_wconf 85' lang='lat' dir='ltr'><strong>Hercule</strong></span> <span class='ocrx_word' id='word_1_110' title='bbox 1026 1749 1058 1810; x_wconf 92' lang='lat' dir='ltr'><strong>et</strong></span> <span class='ocrx_word' id='word_1_111' title='bbox 1071 1743 1225 1812; x_wconf 76' lang='lat' dir='ltr'><strong>Echidna</strong></span> 
     </span>
     <span class='ocr_line' id='line_1_17' title="bbox 205 1835 1224 1921; baseline 0 -21"><span class='ocrx_word' id='word_1_112' title='bbox 205 1836 334 1921; x_wconf 79' lang='lat' dir='ltr'><strong>generis</strong></span> <span class='ocrx_word' id='word_1_113' title='bbox 347 1835 508 1920; x_wconf 87' lang='lat' dir='ltr'><strong>principia</strong></span> <span class='ocrx_word' id='word_1_114' title='bbox 527 1839 612 1918; x_wconf 85' lang='lat' dir='ltr'><strong>sunt,</strong></span> <span class='ocrx_word' id='word_1_115' title='bbox 630 1856 738 1900; x_wconf 88' lang='lat' dir='ltr'><strong>mores</strong></span> <span class='ocrx_word' id='word_1_116' title='bbox 754 1835 847 1918; x_wconf 80' lang='lat' dir='ltr'><strong>regii,</strong></span> <span class='ocrx_word' id='word_1_117' title='bbox 865 1855 957 1900; x_wconf 89' lang='lat' dir='ltr'><strong>arma</strong></span> <span class='ocrx_word' id='word_1_118' title='bbox 970 1837 1100 1899; x_wconf 82' lang='lat' dir='ltr'><strong>tanturn</strong></span> <span class='ocrx_word' id='word_1_119' title='bbox 1119 1836 1224 1919; x_wconf 80' lang='lat' dir='ltr'><strong>ragit-</strong></span> 
     </span>
     <span class='ocr_line' id='line_1_18' title="bbox 205 1921 1223 2008; baseline 0 -20"><span class='ocrx_word' id='word_1_120' title='bbox 205 1927 268 1988; x_wconf 89' lang='lat' dir='ltr'><strong>tae.</strong></span> <span class='ocrx_word' id='word_1_121' title='bbox 314 1923 390 2008; x_wconf 82' lang='lat' dir='ltr'><strong>vagi</strong></span> <span class='ocrx_word' id='word_1_122' title='bbox 413 1921 576 1988; x_wconf 88' lang='lat' dir='ltr'><strong>Nomades</strong></span> <span class='ocrx_word' id='word_1_123' title='bbox 599 1943 753 2007; x_wconf 88' lang='lat' dir='ltr'><strong>pecorum</strong></span> <span class='ocrx_word' id='word_1_124' title='bbox 777 1922 900 2006; x_wconf 88' lang='lat' dir='ltr'><strong>pabula</strong></span> <span class='ocrx_word' id='word_1_125' title='bbox 929 1926 1095 2008; x_wconf 84' lang='lat' dir='ltr'><strong>secuntur,</strong></span> <span class='ocrx_word' id='word_1_126' title='bbox 1123 1927 1223 2006; x_wconf 87' lang='lat' dir='ltr'><strong>atque</strong></span> 
     </span>
    </p>
   </div>
   <div class='ocr_carea' id='block_1_4' title="bbox 152 2009 1268 3068">
    <p class='ocr_par' dir='ltr' id='par_1_4' title="bbox 152 2009 1268 3068">
     <span class='ocr_line' id='line_1_19' title="bbox 205 2009 1225 2096; baseline 0 -20"><span class='ocrx_word' id='word_1_127' title='bbox 205 2015 242 2076; x_wconf 93' lang='lat' dir='ltr'><strong>ut</strong></span> <span class='ocrx_word' id='word_1_128' title='bbox 269 2011 327 2076; x_wconf 87' lang='lat' dir='ltr'><strong>illa</strong></span> <span class='ocrx_word' id='word_1_129' title='bbox 354 2011 473 2076; x_wconf 88' lang='lat' dir='ltr'><strong>durant</strong></span> <span class='ocrx_word' id='word_1_130' title='bbox 498 2010 546 2076; x_wconf 88' lang='lat' dir='ltr'><strong>ita</strong></span> <span class='ocrx_word' id='word_1_131' title='bbox 572 2010 628 2076; x_wconf 89' lang='lat' dir='ltr'><strong>diu</strong></span> <span class='ocrx_word' id='word_1_132' title='bbox 661 2013 782 2076; x_wconf 86' lang='lat' dir='ltr'><strong>statam</strong></span> <span class='ocrx_word' id='word_1_133' title='bbox 810 2009 919 2075; x_wconf 90' lang='lat' dir='ltr'><strong>sedem</strong></span> <span class='ocrx_word' id='word_1_134' title='bbox 946 2016 1057 2096; x_wconf 73' lang='lat' dir='ltr'><strong>agcmt</strong></span> <span class='ocrx_word' id='word_1_135' title='bbox 1107 2011 1225 2076; x_wconf 86' lang='lat' dir='ltr'><strong>colunt</strong></span> 
     </span>
     <span class='ocr_line' id='line_1_20' title="bbox 205 2097 1265 2184; baseline 0 -20"><span class='ocrx_word' id='word_1_136' title='bbox 205 2098 327 2183; x_wconf 78' lang='lat' dir='ltr'><strong>Georgi</strong></span> <span class='ocrx_word' id='word_1_137' title='bbox 359 2101 572 2182; x_wconf 85' lang='lat' dir='ltr'><strong>exercentque</strong></span> <span class='ocrx_word' id='word_1_138' title='bbox 603 2119 710 2182; x_wconf 81' lang='lat' dir='ltr'><strong>agros.</strong></span> <span class='ocrx_word' id='word_1_139' title='bbox 759 2098 897 2164; x_wconf 86' lang='lat' dir='ltr'><strong>Aeiacae</strong></span> <span class='ocrx_word' id='word_1_140' title='bbox 929 2099 1032 2164; x_wconf 83' lang='lat' dir='ltr'><strong>furari</strong></span> <span class='ocrx_word' id='word_1_141' title='bbox 1065 2097 1142 2184; x_wconf 90' lang='lat' dir='ltr'><strong>quid</strong></span> <span class='ocrx_word' id='word_1_142' title='bbox 1176 2101 1224 2164; x_wconf 86' lang='lat' dir='ltr'><strong>eit</strong></span> <span class='ocrx_word' id='word_1_143' title='bbox 1239 2117 1265 2156; x_wconf 77' lang='lat' dir='ltr'><strong>n</strong></span> 
     </span>
     <span class='ocr_line' id='line_1_21' title="bbox 205 2185 1223 2274; baseline 0.001 -22"><span class='ocrx_word' id='word_1_144' title='bbox 205 2188 370 2274; x_wconf 80' lang='lat' dir='ltr'><strong>ignorant,</strong></span> <span class='ocrx_word' id='word_1_145' title='bbox 397 2185 534 2271; x_wconf 89' lang='lat' dir='ltr'><strong>ideoque</strong></span> <span class='ocrx_word' id='word_1_146' title='bbox 555 2207 616 2252; x_wconf 87' lang='lat' dir='ltr'><strong>nee</strong></span> <span class='ocrx_word' id='word_1_147' title='bbox 639 2208 698 2253; x_wconf 86' lang='lat' dir='ltr'><strong>sua</strong></span> <span class='ocrx_word' id='word_1_148' title='bbox 720 2187 909 2254; x_wconf 86' lang='lat' dir='ltr'><strong>custodiunt</strong></span> <span class='ocrx_word' id='word_1_149' title='bbox 929 2209 989 2253; x_wconf 89' lang='lat' dir='ltr'><strong>nec</strong></span> <span class='ocrx_word' id='word_1_150' title='bbox 1014 2189 1122 2254; x_wconf 85' lang='lat' dir='ltr'><strong>aliena</strong></span> <span class='ocrx_word' id='word_1_151' title='bbox 1145 2209 1223 2253; x_wconf 86' lang='lat' dir='ltr'><strong>con-</strong></span> 
     </span>
     <span class='ocr_line' id='line_1_22' title="bbox 152 2275 1224 2362; baseline 0 -20"><span class='ocrx_word' id='word_1_152' title='bbox 152 2292 186 2342; x_wconf 72' lang='lat'><strong>12</strong></span> <span class='ocrx_word' id='word_1_153' title='bbox 205 2275 348 2362; x_wconf 78' lang='lat' dir='ltr'><strong>tingunt</strong></span> <span class='ocrx_word' id='word_1_154' title='bbox 375 2276 512 2342; x_wconf 88' lang='lat' dir='ltr'><strong>interius</strong></span> <span class='ocrx_word' id='word_1_155' title='bbox 521 2275 743 2343; x_wconf 88' lang='lat' dir='ltr'><strong>habitantium</strong></span> <span class='ocrx_word' id='word_1_156' title='bbox 755 2275 839 2341; x_wconf 88' lang='lat' dir='ltr'><strong>ritus</strong></span> <span class='ocrx_word' id='word_1_157' title='bbox 854 2277 1006 2361; x_wconf 81' lang='lat' dir='ltr'><strong>asperior,</strong></span> <span class='ocrx_word' id='word_1_158' title='bbox 1020 2281 1054 2342; x_wconf 91' lang='lat' dir='ltr'><strong>et</strong></span> <span class='ocrx_word' id='word_1_159' title='bbox 1069 2275 1224 2344; x_wconf 88' lang='lat' dir='ltr'><strong>incultior</strong></span> 
     </span>
     <span class='ocr_line' id='line_1_23' title="bbox 205 2364 1225 2452; baseline 0.002 -22"><span class='ocrx_word' id='word_1_160' title='bbox 205 2365 296 2452; x_wconf 81' lang='lat' dir='ltr'><strong>regio</strong></span> <span class='ocrx_word' id='word_1_161' title='bbox 321 2369 380 2432; x_wconf 90' lang='lat' dir='ltr'><strong>est.</strong></span> <span class='ocrx_word' id='word_1_162' title='bbox 421 2365 509 2432; x_wconf 88' lang='lat' dir='ltr'><strong>bella</strong></span> <span class='ocrx_word' id='word_1_163' title='bbox 531 2365 708 2450; x_wconf 84' lang='lat' dir='ltr'><strong>caedesque</strong></span> <span class='ocrx_word' id='word_1_164' title='bbox 726 2369 847 2449; x_wconf 89' lang='lat' dir='ltr'><strong>amant,</strong></span> <span class='ocrx_word' id='word_1_165' title='bbox 870 2387 1005 2451; x_wconf 87' lang='lat' dir='ltr'><strong>mosque</strong></span> <span class='ocrx_word' id='word_1_166' title='bbox 1024 2370 1073 2432; x_wconf 85' lang='lat' dir='ltr'><strong>est</strong></span> <span class='ocrx_word' id='word_1_167' title='bbox 1095 2364 1225 2432; x_wconf 89' lang='lat' dir='ltr'><strong>bellan-</strong></span> 
     </span>
     <span class='ocr_line' id='line_1_24' title="bbox 205 2454 1225 2540; baseline 0.003 -21"><span class='ocrx_word' id='word_1_168' title='bbox 205 2455 307 2534; x_wconf 90' lang='lat' dir='ltr'><strong>tibus,</strong></span> <span class='ocrx_word' id='word_1_169' title='bbox 335 2475 483 2522; x_wconf 86' lang='lat' dir='ltr'><strong>cruorcm</strong></span> <span class='ocrx_word' id='word_1_170' title='bbox 506 2455 575 2520; x_wconf 89' lang='lat' dir='ltr'><strong>eius</strong></span> <span class='ocrx_word' id='word_1_171' title='bbox 599 2477 695 2540; x_wconf 88' lang='lat' dir='ltr'><strong>quem</strong></span> <span class='ocrx_word' id='word_1_172' title='bbox 717 2454 857 2539; x_wconf 89' lang='lat' dir='ltr'><strong>primum</strong></span> <span class='ocrx_word' id='word_1_173' title='bbox 880 2456 1116 2521; x_wconf 89' lang='lat' dir='ltr'><strong>interemerunt</strong></span> <span class='ocrx_word' id='word_1_174' title='bbox 1137 2454 1225 2538; x_wconf 85' lang='lat' dir='ltr'><strong>ipsis</strong></span> 
     </span>
     <span class='ocr_line' id='line_1_25' title="bbox 206 2542 1264 2626; baseline 0.002 -18"><span class='ocrx_word' id='word_1_175' title='bbox 206 2565 245 2608; x_wconf 88' lang='lat' dir='ltr'><strong>cx</strong></span> <span class='ocrx_word' id='word_1_176' title='bbox 268 2543 457 2608; x_wconf 81' lang='lat' dir='ltr'><strong>vulneribus</strong></span> <span class='ocrx_word' id='word_1_177' title='bbox 479 2543 617 2608; x_wconf 87' lang='lat' dir='ltr'><strong>ebibere.</strong></span> <span class='ocrx_word' id='word_1_178' title='bbox 662 2544 857 2626; x_wconf 89' lang='lat' dir='ltr'><strong>utquisque</strong></span> <span class='ocrx_word' id='word_1_179' title='bbox 883 2542 994 2625; x_wconf 87' lang='lat' dir='ltr'><strong>plures</strong></span> <span class='ocrx_word' id='word_1_180' title='bbox 1017 2544 1226 2610; x_wconf 80' lang='lat' dir='ltr'><strong>interemerit</strong></span> <span class='ocrx_word' id='word_1_181' title='bbox 1240 2559 1264 2600; x_wconf 73' lang='lat'><strong>2⁵</strong></span> 
     </span>
     <span class='ocr_line' id='line_1_26' title="bbox 205 2629 1226 2714; baseline 0.003 -19"><span class='ocrx_word' id='word_1_182' title='bbox 205 2632 252 2695; x_wconf 86' lang='lat' dir='ltr'><strong>ita</strong></span> <span class='ocrx_word' id='word_1_183' title='bbox 275 2635 355 2712; x_wconf 86' lang='lat' dir='ltr'><strong>aput</strong></span> <span class='ocrx_word' id='word_1_184' title='bbox 378 2651 433 2694; x_wconf 90' lang='lat' dir='ltr'><strong>eos</strong></span> <span class='ocrx_word' id='word_1_185' title='bbox 455 2629 596 2695; x_wconf 89' lang='lat' dir='ltr'><strong>habetur</strong></span> <span class='ocrx_word' id='word_1_186' title='bbox 619 2630 769 2712; x_wconf 81' lang='lat' dir='ltr'><strong>eximius3</strong></span> <span class='ocrx_word' id='word_1_187' title='bbox 792 2633 935 2694; x_wconf 86' lang='lat' dir='ltr'><strong>ceterum</strong></span> <span class='ocrx_word' id='word_1_188' title='bbox 960 2637 1125 2714; x_wconf 86' lang='lat' dir='ltr'><strong>expertem</strong></span> <span class='ocrx_word' id='word_1_189' title='bbox 1148 2652 1226 2698; x_wconf 88' lang='lat' dir='ltr'><strong>esse</strong></span> 
     </span>
     <span class='ocr_line' id='line_1_27' title="bbox 206 2717 1226 2800; baseline 0.004 -18"><span class='ocrx_word' id='word_1_190' title='bbox 206 2717 312 2782; x_wconf 88' lang='lat' dir='ltr'><strong>caedis</strong></span> <span class='ocrx_word' id='word_1_191' title='bbox 349 2717 436 2782; x_wconf 89' lang='lat' dir='ltr'><strong>inter</strong></span> <span class='ocrx_word' id='word_1_192' title='bbox 471 2717 645 2800; x_wconf 87' lang='lat' dir='ltr'><strong>opprobria</strong></span> <span class='ocrx_word' id='word_1_193' title='bbox 681 2717 734 2782; x_wconf 81' lang='lat' dir='ltr'><strong>vel</strong></span> <span class='ocrx_word' id='word_1_194' title='bbox 771 2719 956 2783; x_wconf 82' lang='lat' dir='ltr'><strong>marimum.</strong></span> <span class='ocrx_word' id='word_1_195' title='bbox 1010 2740 1052 2785; x_wconf 89' lang='lat' dir='ltr'><strong>ne</strong></span> <span class='ocrx_word' id='word_1_196' title='bbox 1087 2720 1226 2786; x_wconf 85' lang='lat' dir='ltr'><strong>foedera</strong></span> 
     </span>
     <span class='ocr_line' id='line_1_28' title="bbox 206 2804 1224 2893; baseline 0.002 -23"><span class='ocrx_word' id='word_1_197' title='bbox 206 2804 336 2889; x_wconf 87' lang='lat' dir='ltr'><strong>quidem</strong></span> <span class='ocrx_word' id='word_1_198' title='bbox 363 2805 531 2872; x_wconf 85' lang='lat' dir='ltr'><strong>incruenta</strong></span> <span class='ocrx_word' id='word_1_199' title='bbox 559 2809 648 2888; x_wconf 73' lang='lat' dir='ltr'><strong>eunt,</strong></span> <span class='ocrx_word' id='word_1_200' title='bbox 682 2805 829 2872; x_wconf 86' lang='lat' dir='ltr'><strong>sauciant</strong></span> <span class='ocrx_word' id='word_1_201' title='bbox 856 2827 890 2872; x_wconf 90' lang='lat' dir='ltr'><strong>se</strong></span> <span class='ocrx_word' id='word_1_202' title='bbox 921 2807 977 2891; x_wconf 88' lang='lat' dir='ltr'><strong>qui</strong></span> <span class='ocrx_word' id='word_1_203' title='bbox 1003 2808 1224 2893; x_wconf 79' lang='lat' dir='ltr'><strong>paciscuntur,</strong></span> 
     </span>
     <span class='ocr_line' id='line_1_29' title="bbox 206 2893 1223 2982; baseline 0.005 -24"><span class='ocrx_word' id='word_1_204' title='bbox 206 2898 454 2979; x_wconf 85' lang='lat' dir='ltr'><strong>exemptumque</strong></span> <span class='ocrx_word' id='word_1_205' title='bbox 481 2894 674 2978; x_wconf 83' lang='lat' dir='ltr'><strong>sanguinem</strong></span> <span class='ocrx_word' id='word_1_206' title='bbox 706 2893 763 2958; x_wconf 92' lang='lat' dir='ltr'><strong>ubi</strong></span> <span class='ocrx_word' id='word_1_207' title='bbox 790 2894 1005 2978; x_wconf 85' lang='lat' dir='ltr'><strong>permiscuere</strong></span> <span class='ocrx_word' id='word_1_208' title='bbox 1036 2896 1223 2982; x_wconf 80' lang='lat' dir='ltr'><strong>degustant.</strong></span> 
     </span>
     <span class='ocr_line' id='line_1_30' title="bbox 153 2982 1268 3068; baseline -0.003 -18"><span class='ocrx_word' id='word_1_209' title='bbox 153 2999 186 3050; x_wconf 83' lang='lat'><strong>13</strong></span> <span class='ocrx_word' id='word_1_210' title='bbox 205 2983 239 3050; x_wconf 89' lang='lat' dir='ltr'><strong>id</strong></span> <span class='ocrx_word' id='word_1_211' title='bbox 265 2985 383 3067; x_wconf 85' lang='lat' dir='ltr'><strong>putant</strong></span> <span class='ocrx_word' id='word_1_212' title='bbox 409 3005 581 3050; x_wconf 82' lang='lat' dir='ltr'><strong>manaurae</strong></span> <span class='ocrx_word' id='word_1_213' title='bbox 608 2982 682 3048; x_wconf 89' lang='lat' dir='ltr'><strong>fidei</strong></span> <span class='ocrx_word' id='word_1_214' title='bbox 708 2984 828 3068; x_wconf 82' lang='lat' dir='ltr'><strong>pignus</strong></span> <span class='ocrx_word' id='word_1_215' title='bbox 856 2985 1082 3054; x_wconf 83' lang='lat' dir='ltr'><strong>certissimum.</strong></span> <span class='ocrx_word' id='word_1_216' title='bbox 1131 2986 1223 3050; x_wconf 89' lang='lat' dir='ltr'><strong>inter</strong></span> <span class='ocrx_word' id='word_1_217' title='bbox 1240 3005 1268 3046; x_wconf 84' lang='lat' dir='ltr'><strong>u</strong></span> 
     </span>
    </p>
   </div>
   <div class='ocr_carea' id='block_1_5' title="bbox 204 3167 1219 3586">
    <p class='ocr_par' dir='ltr' id='par_1_5' title="bbox 204 3167 1219 3458">
     <span class='ocr_line' id='line_1_31' title="bbox 276 3167 1218 3251; baseline -0.011 -20"><span class='ocrx_word' id='word_1_218' title='bbox 276 3183 302 3231; x_wconf 77' lang='lat'><strong>2.</strong></span> <span class='ocrx_word' id='word_1_219' title='bbox 316 3172 487 3230; x_wconf 79' lang='lat' dir='ltr'><strong>familiarum</strong></span> <span class='ocrx_word' id='word_1_220' title='bbox 501 3175 528 3229; x_wconf 98' lang='lat' dir='ltr'><strong><em>A</em></strong></span> <span class='ocrx_word' id='word_1_221' title='bbox 542 3171 748 3232; x_wconf 77' lang='lat' dir='ltr'><strong>familiariumc</strong></span> <span class='ocrx_word' id='word_1_222' title='bbox 803 3183 826 3231; x_wconf 82' lang='grc'><strong>7.</strong></span> <span class='ocrx_word' id='word_1_223' title='bbox 841 3177 968 3244; x_wconf 83' lang='lat' dir='ltr'><strong>praestat</strong></span> <span class='ocrx_word' id='word_1_224' title='bbox 982 3176 1009 3230; x_wconf 98' lang='lat' dir='ltr'><strong><em>A</em></strong></span> <span class='ocrx_word' id='word_1_225' title='bbox 1058 3167 1218 3251; x_wconf 52' lang='lat' dir='ltr'><strong>&amp;sarthae</strong></span> 
     </span>
     <span class='ocr_line' id='line_1_32' title="bbox 205 3239 1219 3315; baseline -0.009 -15"><span class='ocrx_word' id='word_1_226' title='bbox 205 3246 232 3300; x_wconf 92' lang='lat' dir='ltr'><strong><em>A</em></strong></span> <span class='ocrx_word' id='word_1_227' title='bbox 252 3246 403 3301; x_wconf 80' lang='lat' dir='ltr'><strong>Satarchae</strong></span> <span class='ocrx_word' id='word_1_228' title='bbox 422 3247 572 3301; x_wconf 77' lang='lat' dir='ltr'><strong>Piaticaus</strong></span> <span class='ocrx_word' id='word_1_229' title='bbox 627 3253 668 3301; x_wconf 88' lang='lat'><strong>10.</strong></span> <span class='ocrx_word' id='word_1_230' title='bbox 688 3248 772 3315; x_wconf 87' lang='lat' dir='ltr'><strong>atque</strong></span> <span class='ocrx_word' id='word_1_231' title='bbox 790 3247 832 3301; x_wconf 83' lang='lat' dir='ltr'><strong>A¹</strong></span> <span class='ocrx_word' id='word_1_232' title='bbox 850 3262 917 3301; x_wconf 80' lang='lat' dir='ltr'><strong>corr.</strong></span> <span class='ocrx_word' id='word_1_233' title='bbox 979 3252 1019 3300; x_wconf 88' lang='lat'><strong>11.</strong></span> <span class='ocrx_word' id='word_1_234' title='bbox 1038 3239 1156 3294; x_wconf 78' lang='lat' dir='ltr'><strong>adsidue</strong></span> <span class='ocrx_word' id='word_1_235' title='bbox 1174 3241 1219 3293; x_wconf 83' lang='lat' dir='ltr'><strong>A¹</strong></span> 
     </span>
     <span class='ocr_line' id='line_1_33' title="bbox 204 3309 1218 3438; baseline -0.004 -68"><span class='ocrx_word' id='word_1_236' title='bbox 204 3316 317 3370; x_wconf 84' lang='lat' dir='ltr'><strong>assidue</strong></span> <span class='ocrx_word' id='word_1_237' title='bbox 339 3315 381 3370; x_wconf 88' lang='lat' dir='ltr'><strong>A¹</strong></span> <span class='ocrx_word' id='word_1_238' title='bbox 461 3323 502 3373; x_wconf 78' lang='lat' dir='ltr'><strong>lt.</strong></span> <span class='ocrx_word' id='word_1_239' title='bbox 525 3315 665 3371; x_wconf 83' lang='lat' dir='ltr'><strong>basilidiis</strong></span> <span class='ocrx_word' id='word_1_240' title='bbox 687 3317 716 3372; x_wconf 92' lang='lat' dir='ltr'><strong><em>A</em></strong></span> <span class='ocrx_word' id='word_1_241' title='bbox 737 3315 910 3370; x_wconf 85' lang='lat' dir='ltr'><strong>Basilidiao</strong></span> <span class='ocrx_word' id='word_1_242' title='bbox 987 3322 1028 3370; x_wconf 79' lang='grc'><strong>17.</strong></span> <span class='ocrx_word' id='word_1_243' title='bbox 1051 3309 1165 3438; x_wconf 43' lang='lat' dir='ltr'><strong>regilqi)</strong></span> <span class='ocrx_word' id='word_1_244' title='bbox 1178 3312 1218 3396; x_wconf 29' lang='lat' dir='ltr'><strong>‘A</strong></span> 
     </span>
     <span class='ocr_line' id='line_1_34' title="bbox 205 3385 1218 3458; baseline -0.002 -18"><span class='ocrx_word' id='word_1_245' title='bbox 205 3387 227 3457; x_wconf 87' lang='lat' dir='ltr'><strong>(i</strong></span> <span class='ocrx_word' id='word_1_246' title='bbox 245 3389 277 3444; x_wconf 76' lang='lat' dir='ltr'><strong>in</strong></span> <span class='ocrx_word' id='word_1_247' title='bbox 294 3403 349 3442; x_wconf 82' lang='lat' dir='ltr'><strong>ror.</strong></span> <span class='ocrx_word' id='word_1_248' title='bbox 364 3387 416 3456; x_wconf 80' lang='lat' dir='ltr'><strong>A’)</strong></span> <span class='ocrx_word' id='word_1_249' title='bbox 472 3395 512 3446; x_wconf 82' lang='lat'><strong>18.</strong></span> <span class='ocrx_word' id='word_1_250' title='bbox 527 3404 660 3458; x_wconf 88' lang='lat' dir='ltr'><strong>pecorum</strong></span> <span class='ocrx_word' id='word_1_251' title='bbox 679 3387 821 3444; x_wconf 83' lang='lat' dir='ltr'><strong>durantA</strong></span> <span class='ocrx_word' id='word_1_252' title='bbox 839 3401 973 3456; x_wconf 87' lang='lat' dir='ltr'><strong>pecorum</strong></span> <span class='ocrx_word' id='word_1_253' title='bbox 990 3385 1088 3442; x_wconf 69' lang='lat' dir='ltr'><strong>delean</strong></span> <span class='ocrx_word' id='word_1_254' title='bbox 1128 3399 1218 3440; x_wconf 76' lang='lat' dir='ltr'><strong>ocare</strong></span> 
     </span>
    </p>

    <p class='ocr_par' dir='ltr' id='par_1_6' title="bbox 204 3456 1218 3586">
     <span class='ocr_line' id='line_1_35' title="bbox 276 3456 1218 3528; baseline -0.006 -14"><span class='ocrx_word' id='word_1_255' title='bbox 276 3465 318 3514; x_wconf 78' lang='lat'><strong>24.</strong></span> <span class='ocrx_word' id='word_1_256' title='bbox 343 3473 439 3512; x_wconf 86' lang='lat' dir='ltr'><strong>eruore</strong></span> <span class='ocrx_word' id='word_1_257' title='bbox 457 3458 486 3512; x_wconf 89' lang='lat' dir='ltr'><strong><em>A</em></strong></span> <span class='ocrx_word' id='word_1_258' title='bbox 562 3465 605 3516; x_wconf 79' lang='lat' dir='ltr'><strong>at.</strong></span> <span class='ocrx_word' id='word_1_259' title='bbox 629 3457 755 3528; x_wconf 86' lang='lat' dir='ltr'><strong>quisquis</strong></span> <span class='ocrx_word' id='word_1_260' title='bbox 778 3457 807 3514; x_wconf 82' lang='lat' dir='ltr'><strong><em>A</em></strong></span> <span class='ocrx_word' id='word_1_261' title='bbox 834 3456 951 3527; x_wconf 87' lang='lat' dir='ltr'><strong>quisque</strong></span> <span class='ocrx_word' id='word_1_262' title='bbox 978 3473 999 3514; x_wconf 78' lang='lat' dir='ltr'><strong>a</strong></span> <span class='ocrx_word' id='word_1_263' title='bbox 1074 3461 1118 3512; x_wconf 75' lang='lat' dir='ltr'><strong>tt.</strong></span> <span class='ocrx_word' id='word_1_264' title='bbox 1147 3456 1218 3524; x_wconf 87' lang='lat' dir='ltr'><strong>aput</strong></span> 
     </span>
     <span class='ocr_line' id='line_1_36' title="bbox 204 3531 289 3586; baseline -0.012 0"><span class='ocrx_word' id='word_1_265' title='bbox 204 3531 243 3586; x_wconf 81' lang='lat' dir='ltr'><strong>eie</strong></span> <span class='ocrx_word' id='word_1_266' title='bbox 261 3531 289 3585; x_wconf 90' lang='lat' dir='ltr'><strong><em>A</em></strong></span> 
     </span>
    </p>
   </div>
   <div class='ocr_carea' id='block_1_6' title="bbox 0 0 1313 4072">
    <p class='ocr_par' dir='ltr' id='par_1_7' title="bbox 0 0 1313 4072">
     <span class='ocr_line' id='line_1_37' title="bbox 0 0 1313 4072; baseline 0 0"><span class='ocrx_word' id='word_1_267' title='bbox 0 0 1313 4072; x_wconf 95' lang='lat' dir='ltr'><strong> </strong></span> 
     </span>
    </p>
   </div>
  </div>
 </body>
</html>
