2610 4072
327 283 509 339 cuonone.
528 283 542 337 1
562 289 603 339 11.
624 289 666 339 la,
686 288 719 339 re
739 285 867 354 (ec-iq
1065 281 1105 348 17

87 449 197 534 tisque
217 447 312 513 Darii
335 450 500 532 spectator
523 446 687 531 antestis,
708 467 795 511 nuno
817 467 858 511 ne
880 445 1017 512 minima
1040 448 1107 531 qui-
1205 449 1207 454 '

90 537 173 619 dem,
194 541 274 602 tunc
292 536 421 621 ingenti
443 536 524 600 urbe
542 535 688 601 celebris.
732 534 821 600 Issos
839 533 916 620 fuit,
939 538 973 600 et
990 535 1052 600 hac
1071 557 1106 600 re

77 625 182 690 sinus
200 624 321 691 Issicus
341 624 469 690 dicitur.
506 624 618 709 procul
641 622 717 688 inde
735 623 935 690 Hammodes
954 645 1107 708 promun-

84 715 211 780 turium
233 715 319 780 inter
337 713 517 797 Pyramum
536 710 749 796 Oydnumque
767 712 884 778 fluvios
902 712 996 778 iacet.
1042 712 1104 797 Py·

56 818 197 868 ⁵ramus
220 801 292 868 Isso
315 802 449 888 propior
471 799 598 865 Mallon
619 800 833 884 praeterfluit,
861 799 995 885 Cydnus
1016 801 1105 866 ultra

86 912 145 974 per
173 889 314 955 Tarsum
342 890 418 954 exit
470 889 585 953 deinde
617 888 696 952 urbs
729 891 780 952 est
811 888 890 953 olim
920 912 940 955 a
966 889 1104 955 Rhodiis
1124 904 1157 953 τι

87 977 299 1062 Argivisque,
321 981 398 1060 post
415 976 532 1060 piratis
551 975 708 1060 Pompeio
731 975 924 1059 adsignante
943 999 1105 1064 possessa,

87 1085 173 1130 nunc
192 1064 437 1148 Pompeiopolis
454 1067 534 1128 tunc
552 1062 659 1130 Soloe.
696 1063 788 1128 iuxta
806 1064 959 1146 inparve
978 1067 1104 1131 tumulo

87 1152 185 1218 Arati
212 1157 329 1236 politae
357 1153 593 1217 monimentum
615 1151 689 1217 ideo
713 1151 931 1236 referendum,
958 1155 1034 1237 quia
1056 1155 1105 1239 ig-

45 1260 71 1298 10
86 1244 201 1308 notum
229 1263 327 1326 quam
355 1240 396 1306 ob
425 1262 557 1306 oausam
583 1241 671 1306 iacta
698 1240 733 1304 in
760 1241 794 1306 id
825 1247 903 1306 saxa
931 1241 1106 1308 dissiliunt.

86 1351 153 1394 non
180 1331 278 1414 longe
304 1329 381 1394 hinc
409 1326 552 1414 Corycos
581 1329 737 1414 oppidum
768 1332 865 1414 portu
893 1330 1025 1414 saleque
1057 1331 1105 1395 in·

87 1419 243 1502 cingitur,
271 1422 411 1503 angusto
434 1423 565 1502 tergore
588 1418 767 1484 continenti
794 1418 962 1484 adnexum.
1008 1441 1106 1504 supra
1125 1434 1159 1484 '12

89 1527 203 1590 specus
222 1509 273 1572 est
290 1507 421 1572 nomine
436 1505 592 1592 Corycius
612 1507 772 1609 singulari
790 1507 932 1591 ingenio,
951 1528 988 1572 ec
1008 1529 1106 1593 supra

47 1699 73 1739 ι
87 1616 185 1748 titt
204 1594 1105 1768 titillentstlittttttrtttltrr

88 1771 217 1837 diorum
245 1771 329 1836 olivo
358 1771 439 1836 satis
463 1771 599 1836 arduum
628 1791 667 1834 ex
690 1792 816 1835 summo
844 1771 957 1836 statim
985 1773 1105 1837 vertice

89 1859 204 1943 aperit.
250 1863 328 1924 tunc
346 1859 412 1924 alte
432 1858 591 1924 demissus
610 1862 644 1923 et
660 1863 821 1944 ‘quantum
839 1858 1021 1924 demittitur
1040 1882 1106 1925 am-

87 1947 175 2031 plior
201 1947 285 2013 viret
316 1947 398 2012 lucis
431 1947 646 2032 pendentibus
678 1948 834 2032 undique,
868 1950 901 2012 et
931 1951 1038 2013 totum
1071 1971 1105 2014 se

86 2035 280 2114 nemoroso*⁸
294 2037 434 2102 laterum
463 2037 542 2102 orbe
575 2036 803 2121 conplectitur:
836 2036 916 2102 adeo
949 2037 1104 2102 mirificus

46 2140 73 2181 ιο
88 2145 126 2189 ac
144 2124 289 2208 pulcher,
307 2127 344 2190 ut
363 2113 488 2191 riientes
509 2125 732 2191 accedentium
750 2125 857 2209 primo
877 2128 1012 2209 aspectu
1031 2146 1104 2190 eon·

87 2216 222 2297 sternat,
246 2213 302 2278 ubi
321 2213 535 2297 contemplari
554 2215 711 2280 duravere
729 2235 796 2278 non
816 2213 922 2279 satiet.
967 2236 1050 2278 unus
1070 2215 1104 2278 in
1125 2227 1157 2278 te

88 2322 163 2364 eum
191 2300 363 2365 descensus
393 2305 443 2366 est
470 2305 628 2386 angustus
661 2323 755 2385 asper
788 2302 1042 2386 quingentorum
1072 2306 1105 2367 et

88 2387 178 2451 mille
206 2408 361 2470 passuum
388 2409 448 2471 per
476 2409 628 2454 amoenae
656 2388 790 2454 umbras
819 2391 852 2454 et
875 2409 975 2473 opaca
1003 2389 1104 2454 silvae

88 2474 243 2558 quiddam
276 2480 406 2560 agreste
435 2476 634 2555 resonantis,
665 2476 746 2541 rivis
778 2476 853 2542 hino
886 2479 982 2560 atque
1015 2477 1104 2542 illinc

46 2576 72 2618 ²⁵
87 2562 301 2628 fluitantibus.
341 2564 397 2629 ubi
417 2564 543 2630 adime
562 2568 753 2648 perventum
772 2567 823 2630 est
840 2587 970 2630 rursum
989 2587 1103 2650 specus

86 2651 170 2717 alter
202 2651 346 2736 aperitur
374 2653 415 2718 ob
444 2653 511 2718 alia
538 2653 702 2720 dicendus.
753 2656 854 2718 terret
885 2654 1103 2738 ingredientes

87 2740 196 2805 sonitu
220 2741 447 2824 cymbalorum
470 2741 625 2807 divinitus
649 2746 682 2807 et
705 2762 824 2827 magno
847 2742 977 2828 fragore
1000 2744 1103 2827 crepi-

85 2830 235 2894 tantium.
280 2829 395 2895 deinde
423 2831 623 2914 aliquamdiu
645 2831 848 2915 perspicuus,
875 2852 951 2895 mox
978 2836 1011 2896 et
1038 2853 1102 2916 quo
1123 2844 1157 2896 ⁷4

88 2917 194 2999 magis
219 2917 346 2981 subitur
368 2917 548 3002 obscurior,
572 2919 661 2984 ducit
684 2941 780 2984 ausos
804 2920 948 3004 penitus,
974 2919 1103 3004 alteque

48 3019 75 3058 ³0
90 3004 183 3088 quasi
216 3004 363 3070 cuniculo
396 3006 551 3072 admittit.
605 3007 652 3071 ibi
688 3008 803 3093 ingens
836 3009 940 3072 amnis
977 3007 1104 3094 ingenti

89 3092 180 3157 fonte
209 3113 244 3157 se
277 3093 436 3158 extollens
468 3095 694 3161 tantummodo
726 3117 761 3162 se
791 3097 950 3179 ostendit,
982 3098 1015 3158 et
1048 3095 1103 3161 ubi

52 3268 53 3272 ’
158 3273 183 3323 5.
203 3265 282 3338 prior
299 3266 328 3320 A
346 3265 462 3349 propior
478 3285 495 3322 o
550 3267 712 3322 malesanen
731 3269 772 3322 Α1
795 3267 920 3322 malosen
938 3269 979 3322 A*
996 3268 1103 3324 Mallon

88 3335 234 3393 Barbarus
298 3344 321 3394 7.
342 3337 509 3408 adsignante
529 3339 571 3393 A¹
589 3338 752 3408 assignante
771 3338 812 3393 A*
880 3344 921 3396 lt.
941 3340 1103 3410 adpositum

89 3407 129 3460 A¹
147 3409 309 3491 appositum
327 3409 369 3464 Al
424 3415 465 3464 17.
485 3408 618 3464 dimisum
637 3411 665 3464 A
684 3409 853 3466 demissusv
907 3409 1061 3468 dimittitur
1076 3413 1103 3466 A

88 3476 246 3533 demittitur
267 3498 284 3536 e
363 3485 405 3534 19.
427 3496 575 3536 nemoroso
598 3482 640 3535 A¹
662 3494 730 3537 cerr.
808 3487 851 3538 24.
874 3481 935 3538 illic
958 3484 999 3537 Αι
1021 3481 1101 3536 illinc

88 3547 129 3602 A²
201 3555 243 3606 28.
262 3550 436 3620 aliquamdiu
454 3551 495 3607 A¹
514 3551 681 3622 aliquandiu
698 3552 740 3607 A²
811 3560 855 3609 31.
873 3552 966 3610 fronte
985 3554 1012 3608 A
1076 3602 1079 3608 .

139 3647 278 3698 Pomponius
292 3648 359 3691 Mela.
920 3647 936 3695 2
