2610 4072
206 211 248 279 58
552 221 731 278 POMPONII
748 221 875 279 nullu

207 399 262 445 eos
280 378 430 447 Tamaris
450 386 484 449 et
498 382 574 450 Sars
592 385 812 452 fiumina-non
830 386 887 453 lon
912 405 929 450 e
948 388 1022 451 orte
1039 385 1253 472 decurrunt,

206 468 355 534 Tamaris
384 471 558 538 secundum
580 471 692 540 Ebora
715 480 860 558 portum,
883 405 962 540 gers
984 474 1076 540 iuxta
1097 479 1251 542 turrem

206 557 350 643 Augusti
379 561 478 626 titulo
507 563 761 629 memorabilem.
806 566 913 628 cetera
940 583 1038 647 super
1060 559 1250 630 Tamarici

205 645 348 732 Nerique
371 648 519 716 incolunt
541 651 576 716 in
599 671 637 716 eo
660 654 768 718 bactu
790 650 908 716 ultimi.
951 649 1111 716 hactenus
1144 654 1249 719 enim

155 751 188 800 11
208 735 249 799 ad
286 735 487 804 occidentem
527 761 622 806 versa
657 739 756 806 litora
795 739 969 824 pertinent.
1027 739 1149 806 deinde
1203 737 1275 806 ads

208 825 446 908 septentriones
478 831 549 895 tcto
577 829 679 895 latere
710 833 798 894 terra
825 827 1025 893 convertitur
1051 850 1071 892 a
1098 826 1245 897 Celtico

208 917 436 997 promunturio
461 918 502 984 ad
520 916 709 1003 Scythicum
731 937 841 1001 usque.
886 918 1044 1001 perpetua
1065 917 1140 982 eius
1168 939 1244 1002 ore,

206 1002 273 1068 nisi
295 1005 352 1070 ubi
374 1007 494 1072 modici
520 1027 665 1073 recessus
694 1025 732 1071 ac
758 1025 860 1090 parva
883 1006 1112 1088 promunturia
1145 1012 1242 1090 sunt,

154 1107 187 1157 11
208 1089 249 1155 ad
268 1091 451 1162 Cantabros
473 1115 575 1181 paene
597 1099 688 1161 recta
710 1099 769 1160 est.
814 1094 850 1158 in
872 1093 1074 1178 caprimum
1091 1091 1241 1161 Artabri

208 1186 286 1248 sunt
317 1185 495 1252 etiamnum
523 1181 664 1250 Celticae
695 1183 817 1268 gentis,
849 1182 963 1246 deinde
993 1181 1143 1266 Astyres.
1201 1185 1238 1250 in
1251 1205 1263 1240 1:

208 1269 361 1338 Artabris
389 1274 478 1338 sinus
507 1293 561 1338 ore
588 1277 732 1356 angusto
758 1270 937 1336 admissum
964 1291 1053 1336 mare
1080 1289 1153 1336 non
1180 1295 1237 1338 an-

209 1364 306 1444 gusto
330 1361 454 1426 ambitu
473 1359 636 1444 excipiens
653 1358 870 1424 Adrobricam
887 1360 1001 1424 urbem
1019 1363 1052 1423 et
1071 1363 1237 1444 quattuor

209 1448 354 1513 amnium
391 1449 476 1514 ostia
506 1448 657 1533 incingit:
695 1448 759 1513 duo
794 1448 894 1513 etiam
929 1447 1014 1513 inter
1050 1448 1235 1515 accolentis

208 1534 369 1619 ignobilia
392 1541 478 1624 sunt,
499 1557 558 1621 per
580 1536 646 1602 alia
668 1535 850 1602 Ducanaris
873 1536 941 1601 erit
962 1539 995 1600 et
1013 1535 1147 1620 Libyca
1199 1539 1233 1602 in

209 1623 367 1709 Astyrum
389 1626 487 1693 litore
504 1624 621 1712 Noega
642 1629 694 1691 est
711 1625 875 1710 oppidum,
898 1628 932 1689 et
953 1628 1021 1689 tres
1045 1645 1121 1690 arse
1144 1647 1230 1710 quae
1245 1641 1260 1682 1⁵

210 1709 378 1782 Sestianas
396 1719 516 1782 vocant
533 1717 568 1780 in
581 1715 792 1801 paeneinsula
810 1711 924 1778 sedent
943 1716 976 1778 et
994 1715 1070 1777 sunt
1085 1711 1231 1798 Augusti

156 1814 190 1865 14
209 1804 341 1870 nomine
365 1827 475 1871 sacrae
492 1805 734 1888 inlustrantque
752 1806 856 1868 terras
880 1805 956 1868 ante
973 1800 1145 1886 ignobiles.
1196 1807 1230 1868 at

210 1892 251 1956 ab
289 1914 326 1958 eo
358 1893 492 1958 flumine
528 1891 613 1976 quod
646 1890 769 1956 Saliam
801 1893 918 1956 vocant
954 1889 1113 1975 incipiunt
1148 1909 1230 1957 orae

208 1979 369 2063 paulatim
399 1979 560 2062 recedere,
593 1982 627 2042 et
655 1978 741 2043 latae
775 1976 879 2043 adhuc
906 1977 1086 2062 Hispaniae
1115 1980 1231 2062 magis

209 2068 380 2152 magisque
404 2066 512 2150 spatia
539 2065 744 2150 contrahere,
770 2065 975 2148 usqueadeo
1004 2070 1106 2131 semet
1125 2067 1258 2132 terriss

210 2154 480 2240 angustantibus,
516 2157 553 2218 ut
584 2173 695 2218 earum
727 2152 870 2236 spatium
905 2152 992 2219 inter
1023 2154 1085 2221 duo
1121 2156 1230 2220 maria

210 2241 344 2307 dimidio
366 2242 475 2308 minus
497 2242 543 2307 sit
565 2263 629 2327 qua
651 2239 792 2306 Galliam
813 2244 953 2328 tangunt
982 2263 1080 2327 quam
1103 2242 1161 2308 ubi
1184 2244 1229 2308 ad

156 2344 190 2394 11
210 2330 409 2396 occidentem
440 2331 519 2396 litus
551 2330 771 2416 exporrigunt.
825 2334 967 2396 trmtum
998 2328 1156 2396 Cantabri
1195 2336 1229 2398 et

209 2417 361 2485 Vardulli
386 2423 511 2486 tenent:
539 2416 778 2485 Cantabrorum
806 2419 932 2504 aliquot
958 2419 1072 2504 populi
1099 2440 1227 2486 amnes·

283 2576 446 2644 aponum
464 2575 492 2629 A
510 2575 658 2644 portumv
729 2582 755 2630 3.
773 2581 799 2630 4.
819 2573 920 2630 tamari
939 2572 1126 2642 cineriqueA
1200 2583 1226 2632 6.

211 2643 367 2718 septineslls
382 2643 411 2698 A
430 2643 634 2726 septentriones
652 2662 670 2698 c
741 2650 766 2701 8.
785 2661 819 2698 ac
837 2651 900 2700 arete
918 2659 1006 2714 parva
1023 2643 1064 2699 A*
1082 2646 1114 2700 io
1134 2647 1226 2714 spatio

209 2729 297 2771 uacuo
370 2717 588 2770 lustramus
601 2715 629 2768 A
648 2713 802 2769 etiamnum
818 2715 930 2772 Vossius
1002 2722 1044 2772 11.
1059 2714 1182 2770 artabres
1197 2718 1227 2771 A

210 2784 339 2840 Artabris
357 2801 378 2841 a
450 2791 492 2840 11.
514 2789 554 2842 12.
573 2801 631 2840 non
649 2791 714 2841 cote
731 2787 852 2856 angusto
870 2785 912 2840 A·
929 2787 962 2842 in
979 2787 1171 2857 1111111111

212 2862 254 2911 14.
273 2859 305 2912 et
321 2856 417 2925 libyca
434 2853 475 2910 A¹
492 2855 525 2912 iu
610 2857 746 2912 1111111
819 2863 860 2913 lt.
880 2871 969 2913 noeca
982 2859 1019 2912 -Δ
1036 2855 1134 2926 Noega
1149 2857 1224 2913 Bor·

211 2924 296 2984 bores
347 2935 388 2983 16.
403 2925 538 2997 paeneins
599 2927 641 2980 A¹
655 2943 723 2982 corr.
769 2927 883 2997 augusti
897 2929 1021 2983 A¹corr¹
1073 2933 1114 2982 11.
1129 2943 1223 2982 sacrae

211 2997 253 3051 A*
270 3000 329 3053 iae
349 2999 506 3054 ottocento
560 2995 768 3067 inlustrarique
782 3015 850 3054 corr.
869 2998 1069 3067 illustrentque
1083 2995 1110 3052 A
1181 3007 1222 3055 11.

213 3015 701 3153 18.atabe0A¹iospottooocuc
748 3074 789 3125 18.
803 3068 861 3124 inci
881 3068 944 3123 iunt
959 3085 1023 3171 qrae
1037 3067 1078 3122 A¹
1092 3070 1123 3152 iu
1134 3073 1222 3155 spatio

210 3145 435 3279 mam
450 3140 547 3290 tm
565 3139 962 3280 ¹²...¹3.ltt1..u1.t
990 3140 1222 3266 mm
1269 3169 1270 3174 '

210 3280 299 3363 terras
322 3281 538 3350 angustantrbus
562 3282 595 3336 ut
617 3295 712 3336 aarum
735 3280 776 3335 A·
798 3283 918 3352 eccepto
945 3281 1043 3364 litteris
1070 3281 1164 3334 contra
1190 3284 1221 3338 io

210 3353 409 3418 1111111111
472 3352 561 3406 semet
584 3353 613 3407 et
634 3351 723 3405 terras
742 3349 784 3404 A’
802 3353 892 3407 semet
913 3354 996 3406 terne
1014 3367 1035 3406 a
1106 3355 1145 3407 21.
1158 3361 1221 3420 pest

211 3433 306 3473 earmn
329 3421 393 3478 odd.
417 3435 509 3476 rerum
526 3420 555 3475 A
577 3423 684 3491 sepelit
705 3420 850 3478 Vedianas
902 3421 992 3476 maria
1014 3420 1055 3474 A¹
1080 3423 1111 3477 ie
1131 3426 1218 3491 spatio

210 3505 297 3546 uacuo
1268 3525 1269 3532 .

1268 3577 1269 3618 l
