2610 4072
198 244 240 308 14
547 241 724 298 POMPONII
742 241 868 298 namn

195 407 305 491 habet,
323 407 410 473 intus
428 427 530 490 paene
553 403 806 470 innumerabiles
824 404 904 488 vias,
926 403 1040 470 multis
1064 404 1220 491 ambagi-

196 496 257 562 bus
283 495 348 562 hua
376 500 409 560 et
436 495 512 560 illue
540 493 774 578 remeantibus,
802 493 857 558 sed
880 493 1035 560 continuo
1063 493 1219 558 anfractu

197 588 231 650 et
253 607 349 669 saepe
377 583 538 650 revocatis
561 583 742 667 porticibus
767 581 938 666 ancipites:
968 581 1084 667 quibua
1108 581 1217 648 alium

197 694 293 757 super
315 673 398 738 alios
423 672 534 738 orbem
564 671 752 756 agentibus,
780 674 813 738 et
841 670 977 737 subinde
1004 674 1135 739 tantum
1162 691 1215 734 re-

196 761 313 828 deunte
341 761 426 827 flexu
458 765 615 846 quantum
647 763 862 845 processerat,
894 779 1013 846 magno
1045 763 1079 825 et
1111 759 1214 842 expli·
1248 782 1271 821 s

143 850 294 921 sanabili
315 853 428 916 tamen
451 871 559 916 errore
577 850 749 952 perplexus
773 852 832 915 est.
877 848 1019 915 cultores
1041 848 1215 934 regionum
1270 869 1271 906 1

195 939 300 1010 multo
265 939 394 1004 talit
379 943 430 1004 ter
462 962 482 1006 a
513 960 549 1005 ee
549 938 629 1006 teris
662 944 772 1026 agunt.
826 940 972 1004 mortuos
1003 938 1082 1003 fimo
1114 937 1217 1002 obliti
1270 953 1271 958 ’

195 1027 370 1112 plangunt:
397 1049 457 1094 nee
480 1049 622 1096 cremare
650 1031 709 1093 aut
728 1027 838 1094 fodere
865 1025 916 1092 fas
939 1029 1073 1128 putant,
1102 1045 1215 1090 verum

196 1121 267 1182 arte
285 1116 463 1183 medicatos
481 1117 568 1183 intra
585 1115 767 1200 penetralia
784 1115 965 1182 conlocant
1006 1114 1072 1180 suis
1091 1114 1215 1180 litteris

195 1226 347 1294 perverse
370 1210 514 1272 utuntur
563 1205 670 1269 lutum
692 1205 779 1268 inter
801 1224 930 1287 manus,
952 1202 1092 1269 farinam
1115 1203 1255 1268 salai-1⁰

196 1294 257 1360 bus
281 1294 445 1378 subigunt.
489 1293 597 1358 forum
620 1313 658 1357 ae
680 1293 813 1376 negotis
838 1291 993 1395 feminae,
1021 1291 1083 1358 uiri
1110 1313 1214 1375 pensa

196 1403 234 1446 ae
269 1381 384 1447 domus
420 1386 547 1465 eurania
583 1403 682 1448 onera
718 1379 794 1446 illae
825 1381 948 1446 umeris
980 1380 1016 1446 hi
1047 1380 1212 1465 capitibus

196 1469 372 1553 ascipiunt,
399 1473 550 1554 parentes
579 1491 653 1536 eum
680 1473 798 1554 egent,
817 1470 886 1536 illis
908 1489 1040 1536 neeesse
1067 1472 1131 1554 est,
1156 1469 1211 1534 his

196 1557 414 1624 liberumt
364 1563 414 1624 est
446 1559 542 1624 alere.
590 1558 682 1624 eibos
714 1558 825 1643 palam
855 1562 889 1625 et
916 1562 1010 1625 extra
1036 1561 1125 1626 tecta
1151 1580 1212 1623 sua

143 1668 177 1718 58
196 1646 342 1732 sapiunt,
384 1648 522 1714 obscena
562 1647 687 1714 intimis
729 1647 857 1713 aedium
893 1647 1042 1714 reddunt.
1100 1647 1213 1712 colunt
1227 1665 1252 1705 ιι

197 1735 323 1822 effigies
354 1736 534 1802 multorum
566 1737 755 1804 animalium
785 1737 917 1821 atque
907 1759 982 1822 ipsa
1008 1738 1112 1822 magis
1144 1737 1211 1802 ani·

196 1825 308 1909 malis,
336 1825 392 1892 sed
420 1827 486 1891 alia
514 1826 584 1892 alii:
614 1826 694 1892 adeo
722 1828 760 1891 ut
787 1825 944 1911 quaedam
972 1847 1083 1893 eorum
1110 1825 1210 1890 etiam

196 2089 354 2156 sollemne
386 2089 438 2156 sit.
487 2090 570 2175 Apis
600 2090 796 2175 populorum
824 2025 966 2158 οιιιιιιιιιιι
994 2109 1113 2153 numen
1144 2093 1211 2154 est:
1228 2107 1255 2146 ιο

196 2179 256 2244 bos
292 2178 386 2264 niger
417 2179 515 2245 certis
547 2179 683 2244 maculis
715 2179 854 2264 insignis
886 2183 919 2246 st
950 2177 1051 2244 sanda
1082 2177 1210 2263 lingna-

197 2290 259 2352 que
286 2267 454 2334 dissimilis
483 2268 631 2334 aliorum.
679 2289 755 2334 raro
782 2269 928 2336 nascitur
953 2289 1012 2334 nee
1039 2267 1126 2334 eoitu
1157 2289 1211 2350 pe-

197 2357 371 2442 nudis,ut
398 2357 503 2442 aiunt,
536 2357 591 2424 sed
618 2357 774 2423 diuinitus
803 2363 836 2423 et
865 2356 1038 2424 caelesti
1029 2377 1106 2444 1gne
1138 2375 1211 2422 uon·

197 2453 271 2531 cept
273 2468 321 2531 us,
343 2446 475 2533 diesque
499 2468 562 2533 quo
584 2447 730 2532 gignitur
752 2447 843 2532 genti
866 2447 1006 2512 maxime
1024 2445 1128 2512 festus
1151 2449 1210 2511 est.

143 2553 176 2603 99
197 2536 262 2619 ipsi
283 2536 501 2602 vetustissimi
527 2539 565 2600 ut
585 2536 775 2619 praedicant
796 2536 964 2600 hominum
990 2539 1154 2601 trecentos
1176 2539 1211 2599 et
1226 2549 1254 2589 ιι

196 2623 335 2706 triginta
352 2643 446 2708 reges
466 2626 541 2688 ante
559 2623 718 2706 Amasim,
742 2628 775 2688 et
793 2644 892 2706 supra
909 2623 1063 2690 tredecim
1082 2622 1210 2690 milium

197 2731 354 2775 annorum
379 2713 503 2776 aetates
523 2709 621 2775 certis
640 2710 811 2776 annalibus
830 2710 983 2794 referunt,
1005 2712 1211 2779 mandatum·

197 2819 259 2883 que
277 2798 400 2863 litteris
419 2802 559 2882 servant,
581 2796 658 2864 dum
677 2797 836 2884 Aegyptii
796 2799 833 2863 t''
811 2803 940 2884 nsunt,
963 2805 1080 2884 quater
1099 2822 1210 2867 sursus

197 2907 272 2952 suos
295 2908 351 2952 uer
352 2887 432 2954 tisse
460 2847 564 2952 siderd
587 2907 626 2952 ae
648 2885 751 2953 solem
773 2887 863 2954 bis
853 2910 920 2954 ram
943 2889 1098 2956 occidisse
1125 2890 1210 2954 unde

144 2995 179 3044 99
196 2996 281 3042 nunc
313 2974 379 3042 orit
379 2997 425 3042 ur.
474 2975 595 3060 viginti
626 2977 717 3042 mitia
748 2977 878 3044 urbium
905 2979 1021 3046 Amasi
1052 2983 1209 3078 regnante
1225 2987 1254 3028 ³⁰

196 3063 437 3131 habitaruntt
404 3069 437 3131 et
453 3085 539 3130 nune
552 3064 635 3130 mult
620 3068 672 3132 tas
686 3066 846 3134 habitant.
884 3091 994 3136 earum
1008 3066 1208 3132 clarissimae

389 3240 490 3311 quibus
504 3240 568 3297 add.
583 3241 611 3293 A
630 3239 748 3296 subinde
766 3258 816 3298 osa.
837 3240 949 3296 Vossius
1019 3245 1043 3294 9.
1060 3235 1209 3291 conlocant

196 3313 237 3367 A¹
260 3247 334 3366 ddo
318 3315 403 3368 ocant
424 3312 465 3366 ιιι
542 3317 584 3368 19.
603 3318 669 3382 post
690 3309 750 3366 illis
774 3311 837 3367 add
861 3311 889 3365 A
911 3307 1074 3364 mulieribus
1098 3305 1209 3364 seilicet

196 3399 245 3439 ura.
265 3401 282 3445 u
355 3389 396 3438 19.
416 3383 473 3451 adq
472 3383 566 3438 ueA¹
583 3385 667 3464 atqua
688 3381 730 3435 A¹
802 3387 844 3436 18.
863 3377 1073 3452 inprudentiam
1090 3378 1207 3436 A¹1m-

195 3451 375 3536 prudentiam
393 3453 434 3507 A¹
507 3460 549 3509 94.
569 3451 698 3523 gignitur
719 3452 759 3508 A¹
779 3468 846 3508 corr
920 3456 962 3507 99.
982 3450 1100 3523 aegypti
1118 3454 1145 3508 A

196 3521 454 3596 99miiiaudd.u
