<?xml version="1.0" encoding="UTF-8"?>
<!DOCTYPE html PUBLIC "-//W3C//DTD XHTML 1.0 Transitional//EN"
    "http://www.w3.org/TR/xhtml1/DTD/xhtml1-transitional.dtd">
<html xmlns="http://www.w3.org/1999/xhtml" xml:lang="en" lang="en">
 <head>
  <title>
</title>
<meta http-equiv="Content-Type" content="text/html;charset=utf-8" />
  <meta name='ocr-system' content='tesseract 3.04.00' />
  <meta name='ocr-capabilities' content='ocr_page ocr_carea ocr_par ocr_line ocrx_word'/>
</head>
<body>
  <div class='ocr_page' id='page_1' title='image "./pomponiimelaede04melagoog_0022.png"; bbox 0 0 2610 4072; ppageno 0'>
   <div class='ocr_carea' id='block_1_1' title="bbox 378 267 1105 340">
    <p class='ocr_par' dir='ltr' id='par_1_1' title="bbox 378 267 1105 340">
     <span class='ocr_line' id='line_1_1' title="bbox 378 267 1105 340; baseline 0.011 -16"><span class='ocrx_word' id='word_1_1' title='bbox 378 269 559 325; x_wconf 76' lang='lat' dir='ltr'>ofloeocn.</span> <span class='ocrx_word' id='word_1_2' title='bbox 579 269 635 326; x_wconf 80' lang='lat'>14.</span> <span class='ocrx_word' id='word_1_3' title='bbox 655 275 671 325; x_wconf 80' lang='lat' dir='ltr'>s</span> <span class='ocrx_word' id='word_1_4' title='bbox 691 271 819 340; x_wconf 80' lang='lat' dir='ltr'>(eo-ec)</span> <span class='ocrx_word' id='word_1_5' title='bbox 1088 267 1105 332; x_wconf 78' lang='lat'>7</span> 
     </span>
    </p>
   </div>
   <div class='ocr_carea' id='block_1_2' title="bbox 50 431 1169 3171">
    <p class='ocr_par' dir='ltr' id='par_1_2' title="bbox 89 431 1163 786">
     <span class='ocr_line' id='line_1_2' title="bbox 89 431 1163 517; baseline -0.007 -13"><span class='ocrx_word' id='word_1_6' title='bbox 89 440 172 504; x_wconf 84' lang='lat' dir='ltr'>hece</span> <span class='ocrx_word' id='word_1_7' title='bbox 200 455 327 500; x_wconf 86' lang='lat' dir='ltr'>summe</span> <span class='ocrx_word' id='word_1_8' title='bbox 353 433 460 498; x_wconf 87' lang='lat' dir='ltr'>nostri</span> <span class='ocrx_word' id='word_1_9' title='bbox 487 432 589 516; x_wconf 86' lang='lat' dir='ltr'>orbis,</span> <span class='ocrx_word' id='word_1_10' title='bbox 616 432 678 498; x_wconf 86' lang='lat' dir='ltr'>hee</span> <span class='ocrx_word' id='word_1_11' title='bbox 706 433 868 498; x_wconf 77' lang='lat' dir='ltr'>maximae</span> <span class='ocrx_word' id='word_1_12' title='bbox 895 434 1019 517; x_wconf 82' lang='lat' dir='ltr'>portes,</span> <span class='ocrx_word' id='word_1_13' title='bbox 1047 431 1109 498; x_wconf 85' lang='lat' dir='ltr'>hee</span> <span class='ocrx_word' id='word_1_14' title='bbox 1128 447 1163 496; x_wconf 74' lang='lat'>24</span> 
     </span>
     <span class='ocr_line' id='line_1_3' title="bbox 91 522 1108 608; baseline -0.004 -18"><span class='ocrx_word' id='word_1_15' title='bbox 91 527 215 592; x_wconf 80' lang='lat' dir='ltr'>formae</span> <span class='ocrx_word' id='word_1_16' title='bbox 232 527 411 608; x_wconf 88' lang='lat' dir='ltr'>gentesque</span> <span class='ocrx_word' id='word_1_17' title='bbox 424 522 574 606; x_wconf 82' lang='lat' dir='ltr'>partium.</span> <span class='ocrx_word' id='word_1_18' title='bbox 610 542 697 588; x_wconf 89' lang='lat' dir='ltr'>nunc</span> <span class='ocrx_word' id='word_1_19' title='bbox 711 522 854 587; x_wconf 81' lang='lat' dir='ltr'>exactius</span> <span class='ocrx_word' id='word_1_20' title='bbox 874 543 948 588; x_wconf 81' lang='lat' dir='ltr'>oras</span> <span class='ocrx_word' id='word_1_21' title='bbox 962 522 1108 607; x_wconf 89' lang='lat' dir='ltr'>situsque</span> 
     </span>
     <span class='ocr_line' id='line_1_4' title="bbox 91 609 1110 694; baseline -0.006 -14"><span class='ocrx_word' id='word_1_22' title='bbox 91 613 218 680; x_wconf 89' lang='lat' dir='ltr'>dicturo</span> <span class='ocrx_word' id='word_1_23' title='bbox 241 613 315 677; x_wconf 86' lang='lat' dir='ltr'>inde</span> <span class='ocrx_word' id='word_1_24' title='bbox 338 615 389 676; x_wconf 87' lang='lat' dir='ltr'>est</span> <span class='ocrx_word' id='word_1_25' title='bbox 412 609 710 676; x_wconf 86' lang='lat' dir='ltr'>commodissimum</span> <span class='ocrx_word' id='word_1_26' title='bbox 733 609 876 694; x_wconf 76' lang='lat' dir='ltr'>incipere</span> <span class='ocrx_word' id='word_1_27' title='bbox 899 610 983 676; x_wconf 88' lang='lat' dir='ltr'>unde</span> <span class='ocrx_word' id='word_1_28' title='bbox 1005 613 1110 676; x_wconf 84' lang='lat' dir='ltr'>terres</span> 
     </span>
     <span class='ocr_line' id='line_1_5' title="bbox 91 697 1110 786; baseline -0.005 -18"><span class='ocrx_word' id='word_1_29' title='bbox 91 701 253 768; x_wconf 89' lang='lat' dir='ltr'>Nostrum</span> <span class='ocrx_word' id='word_1_30' title='bbox 271 701 408 786; x_wconf 75' lang='lat' dir='ltr'>pelagus</span> <span class='ocrx_word' id='word_1_31' title='bbox 423 698 615 784; x_wconf 79' lang='lat' dir='ltr'><strong>ingreditur,</strong></span> <span class='ocrx_word' id='word_1_32' title='bbox 633 702 668 763; x_wconf 86' lang='lat' dir='ltr'>et</span> <span class='ocrx_word' id='word_1_33' title='bbox 680 698 721 763; x_wconf 86' lang='lat' dir='ltr'>sb</span> <span class='ocrx_word' id='word_1_34' title='bbox 735 697 788 764; x_wconf 83' lang='lat' dir='ltr'>his</span> <span class='ocrx_word' id='word_1_35' title='bbox 801 699 1009 783; x_wconf 86' lang='lat' dir='ltr'>potissimum</span> <span class='ocrx_word' id='word_1_36' title='bbox 1028 719 1110 783; x_wconf 82' lang='lat' dir='ltr'>quse</span> 
     </span>
    </p>

    <p class='ocr_par' dir='ltr' id='par_1_3' title="bbox 62 785 1113 1224">
     <span class='ocr_line' id='line_1_6' title="bbox 62 785 1110 872; baseline 0 -20"><span class='ocrx_word' id='word_1_37' title='bbox 62 791 256 856; x_wconf 82' lang='lat' dir='ltr'>sinfluenti.</span> <span class='ocrx_word' id='word_1_38' title='bbox 270 790 384 855; x_wconf 82' lang='lat' dir='ltr'>dextra</span> <span class='ocrx_word' id='word_1_39' title='bbox 417 791 506 872; x_wconf 80' lang='lat' dir='ltr'>sunt3</span> <span class='ocrx_word' id='word_1_40' title='bbox 539 785 654 851; x_wconf 86' lang='lat' dir='ltr'>deinde</span> <span class='ocrx_word' id='word_1_41' title='bbox 681 785 840 872; x_wconf 74' lang='lat' dir='ltr'>stringere</span> <span class='ocrx_word' id='word_1_42' title='bbox 867 788 966 853; x_wconf 84' lang='lat' dir='ltr'>litore</span> <span class='ocrx_word' id='word_1_43' title='bbox 999 787 1110 854; x_wconf 84' lang='lat' dir='ltr'>ordine</span> 
     </span>
     <span class='ocr_line' id='line_1_7' title="bbox 91 873 1111 964; baseline -0.005 -19"><span class='ocrx_word' id='word_1_44' title='bbox 91 902 157 964; x_wconf 90' lang='lat' dir='ltr'>quo</span> <span class='ocrx_word' id='word_1_45' title='bbox 180 880 297 961; x_wconf 77' lang='lat' dir='ltr'>iacent,</span> <span class='ocrx_word' id='word_1_46' title='bbox 319 877 563 961; x_wconf 71' lang='lat' dir='ltr'>peragratisque</span> <span class='ocrx_word' id='word_1_47' title='bbox 582 873 733 940; x_wconf 89' lang='lat' dir='ltr'>omnibus</span> <span class='ocrx_word' id='word_1_48' title='bbox 752 897 835 959; x_wconf 84' lang='lat' dir='ltr'>quse</span> <span class='ocrx_word' id='word_1_49' title='bbox 852 876 886 941; x_wconf 95' lang='lat' dir='ltr'>id</span> <span class='ocrx_word' id='word_1_50' title='bbox 904 897 993 942; x_wconf 83' lang='lat' dir='ltr'>mere</span> <span class='ocrx_word' id='word_1_51' title='bbox 1012 876 1111 941; x_wconf 83' lang='lat' dir='ltr'>ettin-</span> 
     </span>
     <span class='ocr_line' id='line_1_8' title="bbox 92 962 1112 1052; baseline -0.001 -21"><span class='ocrx_word' id='word_1_52' title='bbox 92 971 177 1052; x_wconf 87' lang='lat' dir='ltr'>gunt</span> <span class='ocrx_word' id='word_1_53' title='bbox 195 967 304 1050; x_wconf 88' lang='lat' dir='ltr'>legere</span> <span class='ocrx_word' id='word_1_54' title='bbox 323 964 423 1029; x_wconf 85' lang='lat' dir='ltr'>etiam</span> <span class='ocrx_word' id='word_1_55' title='bbox 446 963 504 1029; x_wconf 88' lang='lat' dir='ltr'>ille</span> <span class='ocrx_word' id='word_1_56' title='bbox 523 984 604 1048; x_wconf 84' lang='lat' dir='ltr'>quae</span> <span class='ocrx_word' id='word_1_57' title='bbox 624 962 727 1046; x_wconf 79' lang='lat' dir='ltr'>cingit</span> <span class='ocrx_word' id='word_1_58' title='bbox 745 983 897 1048; x_wconf 80' lang='lat' dir='ltr'>oceanus3</span> <span class='ocrx_word' id='word_1_59' title='bbox 921 965 1112 1030; x_wconf 87' lang='lat' dir='ltr'>doncccur·</span> 
     </span>
     <span class='ocr_line' id='line_1_9' title="bbox 94 1050 1113 1138; baseline 0 -20"><span class='ocrx_word' id='word_1_60' title='bbox 94 1076 150 1119; x_wconf 87' lang='lat' dir='ltr'>sus</span> <span class='ocrx_word' id='word_1_61' title='bbox 173 1054 296 1138; x_wconf 86' lang='lat' dir='ltr'>incepti</span> <span class='ocrx_word' id='word_1_62' title='bbox 319 1051 436 1137; x_wconf 89' lang='lat' dir='ltr'>operis,</span> <span class='ocrx_word' id='word_1_63' title='bbox 458 1052 545 1117; x_wconf 83' lang='lat' dir='ltr'>intrs</span> <span class='ocrx_word' id='word_1_64' title='bbox 563 1053 715 1134; x_wconf 79' lang='lat' dir='ltr'>extraque</span> <span class='ocrx_word' id='word_1_65' title='bbox 739 1050 971 1118; x_wconf 81' lang='lat' dir='ltr'>circumvectus</span> <span class='ocrx_word' id='word_1_66' title='bbox 991 1054 1113 1137; x_wconf 87' lang='lat' dir='ltr'>orbem,</span> 
     </span>
     <span class='ocr_line' id='line_1_10' title="bbox 93 1139 586 1224; baseline -0.01 -16"><span class='ocrx_word' id='word_1_67' title='bbox 93 1143 172 1208; x_wconf 89' lang='lat' dir='ltr'>illuc</span> <span class='ocrx_word' id='word_1_68' title='bbox 194 1142 279 1207; x_wconf 87' lang='lat' dir='ltr'>unde</span> <span class='ocrx_word' id='word_1_69' title='bbox 302 1141 445 1224; x_wconf 88' lang='lat' dir='ltr'>coeperit</span> <span class='ocrx_word' id='word_1_70' title='bbox 466 1139 586 1206; x_wconf 80' lang='lat' dir='ltr'>redeat.</span> 
     </span>
    </p>

    <p class='ocr_par' dir='ltr' id='par_1_4' title="bbox 50 1207 1166 1669">
     <span class='ocr_line' id='line_1_11' title="bbox 50 1207 1166 1334; baseline 0.002 -42"><span class='ocrx_word' id='word_1_71' title='bbox 50 1253 77 1293; x_wconf 79' lang='grc' dir='ltr'>ιο</span> <span class='ocrx_word' id='word_1_72' title='bbox 181 1229 315 1296; x_wconf 87' lang='lat' dir='ltr'>Dictum</span> <span class='ocrx_word' id='word_1_73' title='bbox 343 1233 394 1296; x_wconf 89' lang='lat' dir='ltr'>est</span> <span class='ocrx_word' id='word_1_74' title='bbox 416 1229 620 1296; x_wconf 73' lang='lat' dir='ltr'>Atlanticum</span> <span class='ocrx_word' id='word_1_75' title='bbox 648 1249 719 1294; x_wconf 87' lang='lat' dir='ltr'>esse</span> <span class='ocrx_word' id='word_1_76' title='bbox 742 1249 899 1294; x_wconf 71' lang='lat' dir='ltr'>oceanum</span> <span class='ocrx_word' id='word_1_77' title='bbox 926 1229 982 1314; x_wconf 89' lang='lat' dir='ltr'>qui</span> <span class='ocrx_word' id='word_1_78' title='bbox 1006 1233 1112 1294; x_wconf 76' lang='lat' dir='ltr'>terras</span> <span class='ocrx_word' id='word_1_79' title='bbox 1131 1207 1166 1334; x_wconf 63' lang='lat'>{5</span> 
     </span>
     <span class='ocr_line' id='line_1_12' title="bbox 93 1315 1113 1402; baseline -0.002 -18"><span class='ocrx_word' id='word_1_80' title='bbox 93 1319 135 1384; x_wconf 86' lang='lat' dir='ltr'>sb</span> <span class='ocrx_word' id='word_1_81' title='bbox 172 1317 339 1385; x_wconf 89' lang='lat' dir='ltr'>occidente</span> <span class='ocrx_word' id='word_1_82' title='bbox 375 1317 588 1402; x_wconf 87' lang='lat' dir='ltr'>contingeret.</span> <span class='ocrx_word' id='word_1_83' title='bbox 642 1315 718 1382; x_wconf 91' lang='lat' dir='ltr'>hinc</span> <span class='ocrx_word' id='word_1_84' title='bbox 755 1317 790 1382; x_wconf 91' lang='lat' dir='ltr'>in</span> <span class='ocrx_word' id='word_1_85' title='bbox 825 1315 984 1384; x_wconf 86' lang='lat' dir='ltr'>Nostrum</span> <span class='ocrx_word' id='word_1_86' title='bbox 1008 1339 1113 1383; x_wconf 82' lang='lat' dir='ltr'>mere</span> 
     </span>
     <span class='ocr_line' id='line_1_13' title="bbox 92 1403 1114 1493; baseline -0.002 -20"><span class='ocrx_word' id='word_1_87' title='bbox 92 1407 304 1493; x_wconf 84' lang='lat' dir='ltr'>pergentibus</span> <span class='ocrx_word' id='word_1_88' title='bbox 335 1408 430 1472; x_wconf 81' lang='lat' dir='ltr'>locvs</span> <span class='ocrx_word' id='word_1_89' title='bbox 460 1405 633 1490; x_wconf 78' lang='lat' dir='ltr'>Hisponis,</span> <span class='ocrx_word' id='word_1_90' title='bbox 668 1403 874 1472; x_wconf 84' lang='lat' dir='ltr'>Meurctenic</span> <span class='ocrx_word' id='word_1_91' title='bbox 909 1404 1022 1474; x_wconf 85' lang='lat' dir='ltr'>dextre</span> <span class='ocrx_word' id='word_1_92' title='bbox 1054 1410 1114 1492; x_wconf 87' lang='lat' dir='ltr'>est,</span> 
     </span>
     <span class='ocr_line' id='line_1_14' title="bbox 92 1493 1113 1580; baseline 0.001 -20"><span class='ocrx_word' id='word_1_93' title='bbox 92 1496 219 1580; x_wconf 82' lang='lat' dir='ltr'>primae</span> <span class='ocrx_word' id='word_1_94' title='bbox 240 1500 350 1580; x_wconf 81' lang='lat' dir='ltr'>partes</span> <span class='ocrx_word' id='word_1_95' title='bbox 373 1495 431 1560; x_wconf 85' lang='lat' dir='ltr'>ills</span> <span class='ocrx_word' id='word_1_96' title='bbox 453 1493 621 1580; x_wconf 79' lang='lat' dir='ltr'>Europae,</span> <span class='ocrx_word' id='word_1_97' title='bbox 649 1493 730 1560; x_wconf 78' lang='lat' dir='ltr'>hoec</span> <span class='ocrx_word' id='word_1_98' title='bbox 752 1494 893 1560; x_wconf 77' lang='lat' dir='ltr'>Africae.</span> <span class='ocrx_word' id='word_1_99' title='bbox 939 1495 1008 1560; x_wconf 88' lang='lat' dir='ltr'>eius</span> <span class='ocrx_word' id='word_1_100' title='bbox 1037 1518 1113 1562; x_wconf 85' lang='lat' dir='ltr'>orss</span> 
     </span>
     <span class='ocr_line' id='line_1_15' title="bbox 93 1583 1114 1669; baseline 0 -20"><span class='ocrx_word' id='word_1_101' title='bbox 93 1585 169 1650; x_wconf 85' lang='lat' dir='ltr'>linis</span> <span class='ocrx_word' id='word_1_102' title='bbox 187 1583 355 1668; x_wconf 79' lang='lat' dir='ltr'>Mulucha,</span> <span class='ocrx_word' id='word_1_103' title='bbox 372 1587 472 1668; x_wconf 85' lang='lat' dir='ltr'>ceput</span> <span class='ocrx_word' id='word_1_104' title='bbox 485 1588 583 1669; x_wconf 76' lang='lat' dir='ltr'>etque</span> <span class='ocrx_word' id='word_1_105' title='bbox 601 1583 770 1649; x_wconf 86' lang='lat' dir='ltr'>exordium</span> <span class='ocrx_word' id='word_1_106' title='bbox 784 1588 834 1649; x_wconf 88' lang='lat' dir='ltr'>est</span> <span class='ocrx_word' id='word_1_107' title='bbox 850 1585 1114 1667; x_wconf 87' lang='lat' dir='ltr'>promunturium</span> 
     </span>
    </p>

    <p class='ocr_par' dir='ltr' id='par_1_5' title="bbox 54 1671 1166 2112">
     <span class='ocr_line' id='line_1_16' title="bbox 54 1671 1113 1757; baseline 0.003 -24"><span class='ocrx_word' id='word_1_108' title='bbox 54 1693 79 1734; x_wconf 83' lang='lat'>1⁵</span> <span class='ocrx_word' id='word_1_109' title='bbox 95 1673 181 1757; x_wconf 89' lang='lat' dir='ltr'>quod</span> <span class='ocrx_word' id='word_1_110' title='bbox 204 1671 322 1738; x_wconf 79' lang='lat' dir='ltr'>Graeci</span> <span class='ocrx_word' id='word_1_111' title='bbox 344 1672 585 1756; x_wconf 84' lang='lat' dir='ltr'>Ampelusism‚</span> <span class='ocrx_word' id='word_1_112' title='bbox 607 1671 681 1736; x_wconf 79' lang='lat' dir='ltr'>Afri</span> <span class='ocrx_word' id='word_1_113' title='bbox 705 1671 800 1737; x_wconf 80' lang='lat' dir='ltr'>aliter</span> <span class='ocrx_word' id='word_1_114' title='bbox 824 1672 989 1738; x_wconf 88' lang='lat' dir='ltr'>sedidem</span> <span class='ocrx_word' id='word_1_115' title='bbox 1013 1673 1113 1756; x_wconf 87' lang='lat' dir='ltr'>signi-</span> 
     </span>
     <span class='ocr_line' id='line_1_17' title="bbox 94 1759 1166 1843; baseline 0 -19"><span class='ocrx_word' id='word_1_116' title='bbox 94 1762 212 1826; x_wconf 81' lang='lat' dir='ltr'>ficante</span> <span class='ocrx_word' id='word_1_117' title='bbox 235 1759 396 1826; x_wconf 79' lang='lat' dir='ltr'>vocabulo</span> <span class='ocrx_word' id='word_1_118' title='bbox 420 1760 599 1843; x_wconf 80' lang='lat' dir='ltr'>appellent.</span> <span class='ocrx_word' id='word_1_119' title='bbox 644 1761 680 1823; x_wconf 91' lang='lat' dir='ltr'>in</span> <span class='ocrx_word' id='word_1_120' title='bbox 707 1781 744 1825; x_wconf 92' lang='lat' dir='ltr'>eo</span> <span class='ocrx_word' id='word_1_121' title='bbox 768 1763 818 1824; x_wconf 88' lang='lat' dir='ltr'>est</span> <span class='ocrx_word' id='word_1_122' title='bbox 841 1781 956 1843; x_wconf 83' lang='lat' dir='ltr'>specus</span> <span class='ocrx_word' id='word_1_123' title='bbox 978 1759 1115 1825; x_wconf 89' lang='lat' dir='ltr'>Herculi</span> <span class='ocrx_word' id='word_1_124' title='bbox 1133 1773 1166 1824; x_wconf 74' lang='lat' dir='ltr'>re</span> 
     </span>
     <span class='ocr_line' id='line_1_18' title="bbox 95 1847 1115 2021; baseline 0 -19"><span class='ocrx_word' id='word_1_125' title='bbox 95 1847 639 2003; x_wconf 46' lang='lat' dir='ltr'>distulissetis</span> <span class='ocrx_word' id='word_1_126' title='bbox 663 1848 827 2004; x_wconf 49' lang='lat' dir='ltr'>{lillis</span> <span class='ocrx_word' id='word_1_127' title='bbox 840 1847 1115 2021; x_wconf 47' lang='lat' dir='ltr'>{latinis</span> 
     </span>
     <span class='ocr_line' id='line_1_19' title="bbox 95 1986 1115 2112; baseline 0 -22"><span class='ocrx_word' id='word_1_128' title='bbox 95 1986 303 2110; x_wconf 75' lang='lat' dir='ltr'>elephedtino</span> <span class='ocrx_word' id='word_1_129' title='bbox 321 1987 446 2112; x_wconf 66' lang='lat' dir='ltr'>eergoii</span> <span class='ocrx_word' id='word_1_130' title='bbox 464 2031 593 2092; x_wconf 76' lang='lat' dir='ltr'>exsecta</span> <span class='ocrx_word' id='word_1_131' title='bbox 611 2026 725 2110; x_wconf 86' lang='lat' dir='ltr'>ingens</span> <span class='ocrx_word' id='word_1_132' title='bbox 745 2029 778 2091; x_wconf 93' lang='lat' dir='ltr'>et</span> <span class='ocrx_word' id='word_1_133' title='bbox 796 2025 839 2092; x_wconf 93' lang='lat' dir='ltr'>ob</span> <span class='ocrx_word' id='word_1_134' title='bbox 857 2025 1115 2112; x_wconf 79' lang='lat' dir='ltr'>magnitudinem</span> 
     </span>
    </p>

    <p class='ocr_par' dir='ltr' id='par_1_6' title="bbox 54 2114 1168 2550">
     <span class='ocr_line' id='line_1_20' title="bbox 54 2114 1114 2200; baseline 0.003 -24"><span class='ocrx_word' id='word_1_135' title='bbox 54 2137 80 2176; x_wconf 83' lang='lat' dir='ltr'>so</span> <span class='ocrx_word' id='word_1_136' title='bbox 95 2115 177 2180; x_wconf 88' lang='lat' dir='ltr'>nulli</span> <span class='ocrx_word' id='word_1_137' title='bbox 194 2135 281 2180; x_wconf 91' lang='lat' dir='ltr'>nunc</span> <span class='ocrx_word' id='word_1_138' title='bbox 298 2136 396 2181; x_wconf 84' lang='lat' dir='ltr'>usuro</span> <span class='ocrx_word' id='word_1_139' title='bbox 414 2114 547 2199; x_wconf 75' lang='lat' dir='ltr'>hsbflis,</span> <span class='ocrx_word' id='word_1_140' title='bbox 565 2137 663 2200; x_wconf 80' lang='lat' dir='ltr'>quem</span> <span class='ocrx_word' id='word_1_141' title='bbox 680 2115 827 2180; x_wconf 88' lang='lat' dir='ltr'>locorum</span> <span class='ocrx_word' id='word_1_142' title='bbox 846 2115 977 2181; x_wconf 85' lang='lat' dir='ltr'>eccclee</span> <span class='ocrx_word' id='word_1_143' title='bbox 996 2115 1038 2179; x_wconf 85' lang='lat' dir='ltr'>sb</span> <span class='ocrx_word' id='word_1_144' title='bbox 1057 2115 1114 2179; x_wconf 91' lang='lat' dir='ltr'>illo</span> 
     </span>
     <span class='ocr_line' id='line_1_21' title="bbox 95 2202 1115 2288; baseline 0 -21"><span class='ocrx_word' id='word_1_145' title='bbox 95 2205 259 2288; x_wconf 76' lang='lat' dir='ltr'>gestatem</span> <span class='ocrx_word' id='word_1_146' title='bbox 281 2225 341 2287; x_wconf 93' lang='lat' dir='ltr'>pro</span> <span class='ocrx_word' id='word_1_147' title='bbox 365 2225 441 2269; x_wconf 84' lang='lat' dir='ltr'>vero</span> <span class='ocrx_word' id='word_1_148' title='bbox 463 2203 588 2269; x_wconf 84' lang='lat' dir='ltr'>hebent</span> <span class='ocrx_word' id='word_1_149' title='bbox 614 2202 812 2288; x_wconf 74' lang='lat' dir='ltr'>traduntque</span> <span class='ocrx_word' id='word_1_150' title='bbox 836 2208 869 2269; x_wconf 89' lang='lat' dir='ltr'>et</span> <span class='ocrx_word' id='word_1_151' title='bbox 895 2203 970 2268; x_wconf 87' lang='lat' dir='ltr'>inde</span> <span class='ocrx_word' id='word_1_152' title='bbox 998 2203 1115 2268; x_wconf 84' lang='lat' dir='ltr'>eximie</span> 
     </span>
     <span class='ocr_line' id='line_1_22' title="bbox 97 2290 1168 2376; baseline -0.001 -22"><span class='ocrx_word' id='word_1_153' title='bbox 97 2291 214 2356; x_wconf 87' lang='lat' dir='ltr'>colunt.</span> <span class='ocrx_word' id='word_1_154' title='bbox 251 2291 365 2356; x_wconf 90' lang='lat' dir='ltr'>deinde</span> <span class='ocrx_word' id='word_1_155' title='bbox 384 2295 436 2356; x_wconf 89' lang='lat' dir='ltr'>est</span> <span class='ocrx_word' id='word_1_156' title='bbox 452 2313 545 2356; x_wconf 88' lang='lat' dir='ltr'>mons</span> <span class='ocrx_word' id='word_1_157' title='bbox 563 2290 738 2376; x_wconf 79' lang='lat' dir='ltr'>praealtus,</span> <span class='ocrx_word' id='word_1_158' title='bbox 756 2291 786 2356; x_wconf 91' lang='lat' dir='ltr'>ei</span> <span class='ocrx_word' id='word_1_159' title='bbox 806 2313 901 2375; x_wconf 89' lang='lat' dir='ltr'>quem</span> <span class='ocrx_word' id='word_1_160' title='bbox 920 2313 960 2356; x_wconf 84' lang='lat' dir='ltr'>ex</span> <span class='ocrx_word' id='word_1_161' title='bbox 976 2291 1115 2356; x_wconf 71' lang='lat' dir='ltr'>adverso</span> <span class='ocrx_word' id='word_1_162' title='bbox 1134 2305 1168 2354; x_wconf 75' lang='lat'>2⁷</span> 
     </span>
     <span class='ocr_line' id='line_1_23' title="bbox 96 2375 1117 2463; baseline 0.003 -22"><span class='ocrx_word' id='word_1_163' title='bbox 96 2375 259 2460; x_wconf 81' lang='lat' dir='ltr'>Hisponis</span> <span class='ocrx_word' id='word_1_164' title='bbox 281 2377 412 2442; x_wconf 78' lang='lat' dir='ltr'>adtollit</span> <span class='ocrx_word' id='word_1_165' title='bbox 435 2378 594 2444; x_wconf 67' lang='lat' dir='ltr'>obiectis:</span> <span class='ocrx_word' id='word_1_166' title='bbox 618 2379 703 2444; x_wconf 90' lang='lat' dir='ltr'>hunc</span> <span class='ocrx_word' id='word_1_167' title='bbox 721 2379 856 2444; x_wconf 76' lang='lat' dir='ltr'>Abilam</span> <span class='ocrx_word' id='word_1_168' title='bbox 879 2379 973 2442; x_wconf 91' lang='lat' dir='ltr'>illum</span> <span class='ocrx_word' id='word_1_169' title='bbox 992 2375 1117 2463; x_wconf 79' lang='lat' dir='ltr'>Oelpen</span> 
     </span>
     <span class='ocr_line' id='line_1_24' title="bbox 97 2463 1117 2550; baseline 0.002 -20"><span class='ocrx_word' id='word_1_170' title='bbox 97 2469 230 2548; x_wconf 84' lang='lat' dir='ltr'>vocent,</span> <span class='ocrx_word' id='word_1_171' title='bbox 266 2463 443 2531; x_wconf 80' lang='lat' dir='ltr'>(lolumnss</span> <span class='ocrx_word' id='word_1_172' title='bbox 480 2466 631 2532; x_wconf 85' lang='lat' dir='ltr'>Herculis</span> <span class='ocrx_word' id='word_1_173' title='bbox 667 2469 849 2550; x_wconf 86' lang='lat' dir='ltr'>utrumque.</span> <span class='ocrx_word' id='word_1_174' title='bbox 904 2466 993 2531; x_wconf 83' lang='lat' dir='ltr'>eddit</span> <span class='ocrx_word' id='word_1_175' title='bbox 1029 2466 1117 2533; x_wconf 81' lang='lat' dir='ltr'>fame</span> 
     </span>
    </p>

    <p class='ocr_par' dir='ltr' id='par_1_7' title="bbox 58 2553 1169 2995">
     <span class='ocr_line' id='line_1_25' title="bbox 58 2553 1116 2640; baseline 0.007 -26"><span class='ocrx_word' id='word_1_176' title='bbox 58 2574 83 2615; x_wconf 84' lang='lat' dir='ltr'>ss</span> <span class='ocrx_word' id='word_1_177' title='bbox 96 2555 239 2620; x_wconf 89' lang='lat' dir='ltr'>nominis</span> <span class='ocrx_word' id='word_1_178' title='bbox 262 2553 422 2638; x_wconf 77' lang='lat' dir='ltr'>fabulam,</span> <span class='ocrx_word' id='word_1_179' title='bbox 449 2553 623 2621; x_wconf 88' lang='lat' dir='ltr'>Herculem</span> <span class='ocrx_word' id='word_1_180' title='bbox 651 2556 758 2639; x_wconf 87' lang='lat' dir='ltr'>ipsum</span> <span class='ocrx_word' id='word_1_181' title='bbox 785 2555 915 2622; x_wconf 88' lang='lat' dir='ltr'>iunctos</span> <span class='ocrx_word' id='word_1_182' title='bbox 942 2555 1023 2622; x_wconf 89' lang='lat' dir='ltr'>olim</span> <span class='ocrx_word' id='word_1_183' title='bbox 1045 2577 1116 2640; x_wconf 88' lang='lat' dir='ltr'>per·</span> 
     </span>
     <span class='ocr_line' id='line_1_26' title="bbox 97 2642 1116 2729; baseline 0 -19"><span class='ocrx_word' id='word_1_184' title='bbox 97 2645 195 2726; x_wconf 87' lang='lat' dir='ltr'>petuo</span> <span class='ocrx_word' id='word_1_185' title='bbox 218 2643 296 2727; x_wconf 86' lang='lat' dir='ltr'>iugo</span> <span class='ocrx_word' id='word_1_186' title='bbox 320 2642 487 2709; x_wconf 83' lang='lat' dir='ltr'>diremisse</span> <span class='ocrx_word' id='word_1_187' title='bbox 511 2644 619 2727; x_wconf 89' lang='lat' dir='ltr'>colles,</span> <span class='ocrx_word' id='word_1_188' title='bbox 642 2649 740 2729; x_wconf 85' lang='lat' dir='ltr'>etque</span> <span class='ocrx_word' id='word_1_189' title='bbox 762 2644 810 2710; x_wconf 84' lang='lat' dir='ltr'>ite</span> <span class='ocrx_word' id='word_1_190' title='bbox 832 2646 995 2711; x_wconf 83' lang='lat' dir='ltr'>exclusum</span> <span class='ocrx_word' id='word_1_191' title='bbox 1019 2650 1116 2712; x_wconf 78' lang='lat' dir='ltr'>entes</span> 
     </span>
     <span class='ocr_line' id='line_1_27' title="bbox 98 2731 1116 2818; baseline 0.005 -22"><span class='ocrx_word' id='word_1_192' title='bbox 98 2733 183 2803; x_wconf 86' lang='lat' dir='ltr'>mole</span> <span class='ocrx_word' id='word_1_193' title='bbox 206 2731 366 2798; x_wconf 86' lang='lat' dir='ltr'>montium</span> <span class='ocrx_word' id='word_1_194' title='bbox 391 2755 547 2800; x_wconf 72' lang='lat' dir='ltr'>oceanum</span> <span class='ocrx_word' id='word_1_195' title='bbox 570 2732 713 2818; x_wconf 79' lang='lat' dir='ltr'>adquae</span> <span class='ocrx_word' id='word_1_196' title='bbox 735 2755 821 2800; x_wconf 88' lang='lat' dir='ltr'>nunc</span> <span class='ocrx_word' id='word_1_197' title='bbox 844 2734 980 2801; x_wconf 83' lang='lat' dir='ltr'>inundet</span> <span class='ocrx_word' id='word_1_198' title='bbox 998 2734 1116 2801; x_wconf 83' lang='lat' dir='ltr'>admis-</span> 
     </span>
     <span class='ocr_line' id='line_1_28' title="bbox 99 2820 1116 2908; baseline 0.004 -23"><span class='ocrx_word' id='word_1_199' title='bbox 99 2843 178 2885; x_wconf 87' lang='lat' dir='ltr'>sum.</span> <span class='ocrx_word' id='word_1_200' title='bbox 222 2820 275 2885; x_wconf 89' lang='lat' dir='ltr'>hic</span> <span class='ocrx_word' id='word_1_201' title='bbox 298 2821 366 2885; x_wconf 85' lang='lat' dir='ltr'>iem</span> <span class='ocrx_word' id='word_1_202' title='bbox 388 2843 477 2888; x_wconf 82' lang='lat' dir='ltr'>merc</span> <span class='ocrx_word' id='word_1_203' title='bbox 499 2822 599 2887; x_wconf 85' lang='lat' dir='ltr'>latius</span> <span class='ocrx_word' id='word_1_204' title='bbox 622 2821 783 2906; x_wconf 83' lang='lat' dir='ltr'>funditur,</span> <span class='ocrx_word' id='word_1_205' title='bbox 805 2823 1038 2908; x_wconf 84' lang='lat' dir='ltr'>submotssqne</span> <span class='ocrx_word' id='word_1_206' title='bbox 1061 2846 1116 2889; x_wconf 85' lang='lat' dir='ltr'>ve-</span> 
     </span>
     <span class='ocr_line' id='line_1_29' title="bbox 99 2909 1169 2995; baseline 0.003 -24"><span class='ocrx_word' id='word_1_207' title='bbox 99 2909 179 2972; x_wconf 87' lang='lat' dir='ltr'>stius</span> <span class='ocrx_word' id='word_1_208' title='bbox 211 2911 316 2974; x_wconf 80' lang='lat' dir='ltr'>terres</span> <span class='ocrx_word' id='word_1_209' title='bbox 347 2929 467 2993; x_wconf 80' lang='lat' dir='ltr'>magno</span> <span class='ocrx_word' id='word_1_210' title='bbox 494 2911 619 2995; x_wconf 85' lang='lat' dir='ltr'>impetu</span> <span class='ocrx_word' id='word_1_211' title='bbox 651 2910 797 2976; x_wconf 89' lang='lat' dir='ltr'>inflectit.</span> <span class='ocrx_word' id='word_1_212' title='bbox 847 2911 991 2978; x_wconf 84' lang='lat' dir='ltr'>ceterum</span> <span class='ocrx_word' id='word_1_213' title='bbox 1023 2911 1115 2995; x_wconf 89' lang='lat' dir='ltr'>regio</span> <span class='ocrx_word' id='word_1_214' title='bbox 1135 2925 1169 2974; x_wconf 80' lang='lat' dir='ltr'>cs</span> 
     </span>
    </p>

    <p class='ocr_par' dir='ltr' id='par_1_8' title="bbox 59 2993 1116 3171">
     <span class='ocr_line' id='line_1_30' title="bbox 59 2993 1116 3083; baseline 0.006 -26"><span class='ocrx_word' id='word_1_215' title='bbox 59 3034 86 3074; x_wconf 61' lang='lat'>³0</span> <span class='ocrx_word' id='word_1_216' title='bbox 100 2993 253 3080; x_wconf 87' lang='lat' dir='ltr'>ignobilis</span> <span class='ocrx_word' id='word_1_217' title='bbox 278 3000 312 3059; x_wconf 89' lang='lat' dir='ltr'>et</span> <span class='ocrx_word' id='word_1_218' title='bbox 329 2995 383 3060; x_wconf 82' lang='lat' dir='ltr'>vix</span> <span class='ocrx_word' id='word_1_219' title='bbox 405 2997 576 3081; x_wconf 82' lang='lat' dir='ltr'>quicquam</span> <span class='ocrx_word' id='word_1_220' title='bbox 595 2998 731 3064; x_wconf 84' lang='lat' dir='ltr'>inlustre</span> <span class='ocrx_word' id='word_1_221' title='bbox 755 2999 872 3066; x_wconf 81' lang='lat' dir='ltr'>sortite</span> <span class='ocrx_word' id='word_1_222' title='bbox 893 2999 1003 3082; x_wconf 80' lang='lat' dir='ltr'>parvis</span> <span class='ocrx_word' id='word_1_223' title='bbox 1027 2998 1116 3083; x_wconf 90' lang='lat' dir='ltr'>oppi-</span> 
     </span>
     <span class='ocr_line' id='line_1_31' title="bbox 101 3082 1115 3171; baseline 0.004 -23"><span class='ocrx_word' id='word_1_224' title='bbox 101 3083 149 3150; x_wconf 89' lang='lat' dir='ltr'>dis</span> <span class='ocrx_word' id='word_1_225' title='bbox 173 3082 357 3168; x_wconf 83' lang='lat' dir='ltr'>hcbitetur‚</span> <span class='ocrx_word' id='word_1_226' title='bbox 379 3107 480 3168; x_wconf 79' lang='lat' dir='ltr'>parve</span> <span class='ocrx_word' id='word_1_227' title='bbox 502 3085 637 3151; x_wconf 83' lang='lat' dir='ltr'>flumine</span> <span class='ocrx_word' id='word_1_228' title='bbox 659 3087 794 3168; x_wconf 88' lang='lat' dir='ltr'>emittit,</span> <span class='ocrx_word' id='word_1_229' title='bbox 822 3087 893 3152; x_wconf 92' lang='lat' dir='ltr'>solo</span> <span class='ocrx_word' id='word_1_230' title='bbox 917 3108 1015 3171; x_wconf 81' lang='lat' dir='ltr'>quem</span> <span class='ocrx_word' id='word_1_231' title='bbox 1037 3086 1115 3152; x_wconf 90' lang='lat' dir='ltr'>viris</span> 
     </span>
    </p>
   </div>
   <div class='ocr_carea' id='block_1_3' title="bbox 99 3293 1117 3508">
    <p class='ocr_par' dir='ltr' id='par_1_9' title="bbox 99 3293 1117 3508">
     <span class='ocr_line' id='line_1_32' title="bbox 169 3293 1117 3352; baseline 0 -1"><span class='ocrx_word' id='word_1_232' title='bbox 169 3303 194 3351; x_wconf 85' lang='grc'>6.</span> <span class='ocrx_word' id='word_1_233' title='bbox 213 3295 243 3350; x_wconf 90' lang='lat' dir='ltr'>in</span> <span class='ocrx_word' id='word_1_234' title='bbox 261 3311 338 3350; x_wconf 83' lang='lat' dir='ltr'>mare</span> <span class='ocrx_word' id='word_1_235' title='bbox 357 3296 385 3349; x_wconf 95' lang='lat' dir='ltr'><strong><em>A</em></strong></span> <span class='ocrx_word' id='word_1_236' title='bbox 403 3293 433 3350; x_wconf 89' lang='lat' dir='ltr'>id</span> <span class='ocrx_word' id='word_1_237' title='bbox 456 3310 532 3351; x_wconf 82' lang='lat' dir='ltr'>more</span> <span class='ocrx_word' id='word_1_238' title='bbox 554 3293 582 3349; x_wconf 85' lang='lat' dir='ltr'>J.</span> <span class='ocrx_word' id='word_1_239' title='bbox 607 3296 644 3349; x_wconf 90' lang='lat' dir='ltr'>A.</span> <span class='ocrx_word' id='word_1_240' title='bbox 669 3295 790 3350; x_wconf 76' lang='lat' dir='ltr'>Mueller</span> <span class='ocrx_word' id='word_1_241' title='bbox 862 3299 903 3352; x_wconf 83' lang='lat'>13.</span> <span class='ocrx_word' id='word_1_242' title='bbox 927 3294 994 3351; x_wconf 83' lang='lat' dir='ltr'>illes</span> <span class='ocrx_word' id='word_1_243' title='bbox 1014 3297 1043 3350; x_wconf 89' lang='lat' dir='ltr'><strong><em>A</em></strong></span> <span class='ocrx_word' id='word_1_244' title='bbox 1066 3296 1117 3352; x_wconf 85' lang='lat' dir='ltr'>ills</span> 
     </span>
     <span class='ocr_line' id='line_1_33' title="bbox 99 3364 1117 3438; baseline 0.002 -18"><span class='ocrx_word' id='word_1_245' title='bbox 99 3382 119 3420; x_wconf 80' lang='lat' dir='ltr'>o</span> <span class='ocrx_word' id='word_1_246' title='bbox 170 3366 250 3438; x_wconf 77' lang='lat' dir='ltr'>heesl</span> <span class='ocrx_word' id='word_1_247' title='bbox 260 3368 287 3422; x_wconf 88' lang='lat' dir='ltr'><strong><em>A</em></strong></span> <span class='ocrx_word' id='word_1_248' title='bbox 306 3365 377 3421; x_wconf 85' lang='lat' dir='ltr'>hsec</span> <span class='ocrx_word' id='word_1_249' title='bbox 395 3383 416 3422; x_wconf 80' lang='lat' dir='ltr'>sc</span> <span class='ocrx_word' id='word_1_250' title='bbox 470 3372 512 3421; x_wconf 84' lang='lat'>14.</span> <span class='ocrx_word' id='word_1_251' title='bbox 532 3364 624 3437; x_wconf 87' lang='lat' dir='ltr'>sdque</span> <span class='ocrx_word' id='word_1_252' title='bbox 638 3365 680 3419; x_wconf 88' lang='lat' dir='ltr'>A¹</span> <span class='ocrx_word' id='word_1_253' title='bbox 698 3365 783 3434; x_wconf 84' lang='lat' dir='ltr'>etque</span> <span class='ocrx_word' id='word_1_254' title='bbox 795 3366 837 3421; x_wconf 67' lang='lat' dir='ltr'>A*</span> <span class='ocrx_word' id='word_1_255' title='bbox 890 3367 1117 3438; x_wconf 87' lang='lat' dir='ltr'>promunturium</span> 
     </span>
     <span class='ocr_line' id='line_1_34' title="bbox 100 3436 1117 3508; baseline 0.003 -18"><span class='ocrx_word' id='word_1_256' title='bbox 100 3436 379 3508; x_wconf 86' lang='lat' dir='ltr'>A¹promuntorium</span> <span class='ocrx_word' id='word_1_257' title='bbox 397 3437 439 3493; x_wconf 68' lang='lat' dir='ltr'>A*</span> <span class='ocrx_word' id='word_1_258' title='bbox 489 3443 531 3494; x_wconf 88' lang='lat'>18.</span> <span class='ocrx_word' id='word_1_259' title='bbox 547 3437 673 3492; x_wconf 84' lang='lat' dir='ltr'>sntcoA</span> <span class='ocrx_word' id='word_1_260' title='bbox 725 3443 765 3492; x_wconf 78' lang='lat' dir='ltr'>le.</span> <span class='ocrx_word' id='word_1_261' title='bbox 781 3440 894 3494; x_wconf 81' lang='lat' dir='ltr'>exsecto</span> <span class='ocrx_word' id='word_1_262' title='bbox 906 3439 948 3493; x_wconf 88' lang='lat' dir='ltr'>A¹</span> <span class='ocrx_word' id='word_1_263' title='bbox 963 3439 1061 3494; x_wconf 76' lang='lat' dir='ltr'>erecte</span> <span class='ocrx_word' id='word_1_264' title='bbox 1075 3439 1117 3493; x_wconf 67' lang='lat' dir='ltr'>A*</span> 
     </span>
    </p>
   </div>
   <div class='ocr_carea' id='block_1_4' title="bbox 170 3507 1116 3622">
    <p class='ocr_par' dir='ltr' id='par_1_10' title="bbox 170 3507 1116 3622">
     <span class='ocr_line' id='line_1_35' title="bbox 170 3507 1116 3622; baseline -0.002 -25"><span class='ocrx_word' id='word_1_265' title='bbox 170 3549 212 3598; x_wconf 78' lang='lat'>23.</span> <span class='ocrx_word' id='word_1_266' title='bbox 232 3544 349 3599; x_wconf 76' lang='lat' dir='ltr'>adtollis</span> <span class='ocrx_word' id='word_1_267' title='bbox 362 3545 403 3599; x_wconf 51' lang='grc' dir='ltr'>Αἱ</span> <span class='ocrx_word' id='word_1_268' title='bbox 418 3543 527 3603; x_wconf 74' lang='lat' dir='ltr'>acono</span> <span class='ocrx_word' id='word_1_269' title='bbox 539 3545 581 3598; x_wconf 81' lang='lat' dir='ltr'>A¹</span> <span class='ocrx_word' id='word_1_270' title='bbox 654 3549 697 3599; x_wconf 79' lang='lat' dir='ltr'>m.</span> <span class='ocrx_word' id='word_1_271' title='bbox 716 3507 746 3615; x_wconf 69' lang='lat' dir='ltr'>si</span> <span class='ocrx_word' id='word_1_272' title='bbox 763 3544 805 3600; x_wconf 78' lang='lat' dir='ltr'>A¹</span> <span class='ocrx_word' id='word_1_273' title='bbox 876 3552 920 3602; x_wconf 81' lang='lat' dir='ltr'>eo.</span> <span class='ocrx_word' id='word_1_274' title='bbox 940 3525 1060 3622; x_wconf 61' lang='lat' dir='ltr'>dissere</span> <span class='ocrx_word' id='word_1_275' title='bbox 1075 3543 1116 3596; x_wconf 71' lang='lat' dir='ltr'>A*</span> 
     </span>
    </p>
   </div>
   <div class='ocr_carea' id='block_1_5' title="bbox 0 0 1321 4072">
    <p class='ocr_par' dir='ltr' id='par_1_11' title="bbox 0 0 1321 4072">
     <span class='ocr_line' id='line_1_36' title="bbox 0 0 1321 4072; baseline 0 0"><span class='ocrx_word' id='word_1_276' title='bbox 0 0 1321 4072; x_wconf 95' lang='lat' dir='ltr'> </span> 
     </span>
    </p>
   </div>
  </div>
 </body>
</html>
