2610 4072
395 882 628 958 POMPONII
655 878 821 954 MELAE

585 1041 633 1088 DE

311 1165 908 1266 OHOROGRAPHIA

534 1377 633 1442 Liber
654 1377 680 1442 I.

73 1554 85 1596 ⁵
190 1539 287 1606 Orbis
311 1539 354 1604 sit
339 1542 410 1604 tum
433 1538 540 1603 dicere
559 1535 743 1622 aggredior,
765 1535 903 1620 impedit
903 1557 959 1599 um
978 1545 1058 1618 opus
1082 1541 1115 1600 et
1137 1544 1149 1594 1

99 1629 269 1694 facundiae
297 1628 430 1692 minime
458 1635 560 1709 capax
588 1623 733 1710 (constat
760 1625 846 1690 enim
873 1625 941 1690 fere
969 1624 1115 1709 gentium

98 1717 309 1800 locorumque
330 1714 517 1780 nominibus
536 1716 570 1777 et
593 1733 703 1777 eorum
721 1714 875 1796 perplexo
895 1711 975 1777 sctis
994 1712 1115 1796 ordine,

100 1825 195 1888 quem
215 1803 367 1888 persequi
385 1802 550 1887 longeest
567 1799 673 1886 magis
692 1821 790 1885 quam
809 1800 950 1886 benigna
964 1798 1115 1884 materia)

99 1913 212 1958 rerum
231 1891 333 1975 aspici
351 1894 461 1956 tamen
476 1888 692 1991 cognoscique
711 1888 949 1974 dignissimum,
968 1892 1002 1954 et
1020 1888 1115 1973 quod,

59 1997 84 2036 1⁰
99 1981 127 2045 si
149 2000 217 2045 non
240 2001 301 2063 ope
319 1979 443 2064 ingenii
461 1977 595 2061 orantis,
618 1978 685 2043 at
674 1999 748 2062 1psa
771 2000 822 2042 su1
813 1977 1115 2062 contemplatione

97 2066 240 2153 pretium
269 2090 387 2151 operae
411 2066 647 2133 attendentium
671 2067 829 2133 absolvat.
875 2066 982 2132 dicam
1005 2071 1149 2132 autema

98 2158 180 2223 alias
202 2157 299 2241 plura
321 2161 355 2222 et
377 2157 532 2241 enectine,
553 2176 638 2222 nnnc
661 2159 698 2220 ut
720 2177 865 2241 quaeque
889 2157 982 2220 erunt
1006 2155 1114 2222 claris·

98 2247 182 2312 sima
208 2250 242 2311 et
269 2246 417 2312 strictim.
467 2267 505 2310 ac
532 2245 638 2329 primo
667 2243 796 2329 quidem
824 2265 907 2328 quae
939 2244 983 2309 sit
1008 2243 1114 2308 forma

99 2334 217 2417 totius,
238 2355 321 2418 quae
343 2333 503 2397 maximus
526 2335 646 2416 partes,
670 2353 733 2416 quo
757 2331 906 2416 singulae
928 2331 1025 2396 modo
1049 2333 1115 2396 sint

59 2437 85 2477 1⁵
100 2425 199 2506 atque
217 2420 406 2486 habitentur
425 2419 602 2504 expediam,
621 2420 736 2484 deinde
754 2441 865 2484 rursus
880 2441 953 2486 oras
968 2420 1113 2486 omnium

19 2585 20 2592 ἵ
98 2513 131 2574 et
153 2509 253 2575 litora
274 2513 312 2576 ut
333 2510 422 2574 intra
445 2512 598 2592 extraque
617 2512 702 2592 sunt,
726 2512 824 2594 atqua
843 2513 880 2573 ut
903 2530 945 2574 ea
964 2508 1053 2574 subit
1076 2532 1113 2576 ac

19 2611 23 2702 ³,
97 2599 281 2664 circumluit
266 2599 458 2684 tpelagus,
487 2597 608 2664 additis
631 2619 713 2681 quae
741 2597 856 2662 int
798 2601 856 2662 nat
857 2619 917 2662 ura
943 2598 1112 2682 regionum

19 2711 21 2720 ¹
96 2687 338 2773 incolarumque
365 2687 574 2753 memoranda
602 2691 686 2752 sunt.
662 2685 764 2752 tid
787 2709 851 2772 quo
879 2686 1008 2752 facilius
1036 2688 1112 2753 sciri

19 2775 21 2852 ἶ
95 2777 202 2860 possit
226 2780 323 2861 atque
346 2775 461 2860 accipi,
484 2777 583 2860 paulo
607 2777 706 2842 altius
730 2797 857 2840 summa
879 2779 1053 2860 repetetur.

19 2867 21 2941 ἶ
57 2880 82 2919 20
186 2863 325 2930 Omne
315 2865 379 2949 rgit
379 2887 419 2929 ur
445 2864 520 2948 hoc,
552 2864 707 2950 quidquid
740 2868 790 2931 est
818 2865 869 2929 cui
901 2864 1013 2930 mundi
1043 2846 1149 2930 cae·l

19 2951 24 3030 ³,
97 2951 186 3034 lique
212 2972 330 3015 nomen
356 2951 546 3035 indidimus,
573 2975 674 3018 unum
702 2952 814 3019 idt
763 2957 814 3019 est
837 2957 871 3018 et
897 2976 968 3020 uno
986 2954 1112 3018 ambitu

20 3055 23 3127 ξ
96 3061 130 3104 se
158 3042 254 3104 cunct
256 3061 336 3123 eque
364 3038 506 3122 amplect
507 3003 579 3104 itdr.
624 3043 773 3124 partibus
800 3041 920 3127 differt3
947 3042 1032 3116 unde
1061 3041 1111 3107 sol

97 3128 200 3194 oritur
227 3128 335 3193 oriens
363 3132 570 3212 nuncupatur
603 3133 661 3193 aut
688 3134 792 3213 ortus,
825 3151 887 3214 quo
911 3093 1072 3215 demergit
1073 3153 1111 3195 ur

96 3217 243 3283 occidens
263 3217 314 3282 vel
332 3239 475 3301 occasus,
496 3239 559 3303 qua
578 3217 719 3282 decurrit
704 3217 896 3302 tmeridies,
914 3219 956 3283 ab
975 3219 1110 3284 adversa

20 3318 81 3359 2⁵
95 3311 187 3388 parte
215 3307 402 3390 septentrio.
449 3306 524 3372 huic
547 3305 763 3372 mediotterra
791 3307 938 3372 sublimis
967 3307 1055 3394 cingi
1056 3311 1145 3422 ture

1130 2922 1146 2969 3

168 3503 209 3555 12.
226 3516 302 3554 nunc
319 3501 414 3554 cutem
433 3501 465 3554 ut
483 3499 510 3552 A
529 3515 602 3555 nuuc
621 3501 654 3554 ut
676 3499 786 3557 Voaer're
858 3506 903 3556 20.
921 3516 1012 3556 omme
1031 3500 1059 3554 A

19 3611 21 3622 ι
147 3595 286 3646 Pomponius
300 3599 367 3640 Mela
932 3595 946 3642 1
