2610 4072
198 171 240 236 72
542 171 720 229 POMPONII
737 170 885 230 MELAE

145 339 312 400 t1contra
338 335 411 401 Indi
440 335 527 402 ostia
559 335 620 400 ille
651 339 727 400 sunt
758 357 849 421 quae
886 331 1035 404 ¹vocant
1067 333 1161 401 Solis
1191 333 1250 398 adeo

197 423 437 508 inhabitabilia,
454 428 493 490 ut
505 425 671 508 ingressos
685 424 735 491 vis
750 424 972 492 circumfusi
990 425 1092 490 aeris
1107 423 1250 489 exanimet

200 512 381 597 confestim,
400 517 433 578 et
450 513 537 578 inter
554 511 627 596 ipsa
645 513 732 578 ostia
748 511 929 580 Patalene
951 513 1075 600 regio,
1096 511 1143 577 ob
1162 514 1257 576 aestua¹

199 601 415 666 intolerabilis
434 600 553 665 alicubi
567 601 746 667 cultoribus
766 621 883 687 egens„
925 601 1019 668 inde
1041 600 1089 666 ad
1103 597 1245 684 principia

197 689 302 754 Rubri
316 689 416 754 maris
433 690 578 773 pertinet
591 689 714 755 Accae
726 695 756 754 ct
772 691 846 774 ipsa
860 691 976 756 invia
992 694 1109 774 atque
1125 687 1252 752 desertae

195 777 312 842 humus
337 777 438 842 cineri
459 778 566 862 magis
588 778 627 842 fit
649 799 746 863 quam
768 779 907 862 pulveri
937 779 1094 860 similis,
1122 775 1237 856 ideoque

194 887 254 950 per
273 887 344 930 eam
362 888 438 931 rara
457 871 490 932 et
507 889 573 932 non
592 866 729 952 grandia
742 867 878 932 flumina
902 870 1100 949 emanant,
1119 881 1237 948 quorun

197 953 402 1021 Tuberonem
426 960 459 1023 et
482 955 649 1022 Arusacen
670 955 845 1022 notissima
867 956 1092 1041 accipimus,

268 1042 433 1109 .Rubrum
456 1066 547 1110 mara
569 1041 698 1129 Graeci,
726 1043 793 1110 sive
822 1046 904 1128 quia
932 1045 1018 1110 eius
1052 1039 1178 1108 coloris
1198 1041 1232 1099 eet

196 1131 264 1198 sive
293 1133 378 1217 quod
405 1133 453 1197 ibi
480 1132 643 1217 Erythras
670 1132 823 1216 regnavit
847 1131 1045 1218 Erythran
1078 1127 1241 1196 thelassmt

195 1220 378 1307 appellant:
403 1221 622 1304 procellosum
650 1241 801 1304 asperum
827 1242 938 1306 mare,
969 1216 1186 1306 profundum
1203 1215 1224 1274 et

193 1329 387 1392 magnorum
401 1309 592 1374 animalium
606 1308 713 1393 magis
728 1330 826 1393 quam
841 1313 959 1376 cetera
976 1329 1105 1394 capax.
1134 1303 1220 1388 primo

192 1397 372 1461 recedentis
391 1418 466 1461 oras
490 1396 704 1480 aequabiliter
721 1397 872 1483 impellit,
896 1402 932 1464 et
953 1398 1020 1463 ubi
1040 1416 1114 1461 non
1136 1387 1217 1456 inca

191 1483 330 1548 interius
353 1484 559 1568 aliquantum
581 1488 696 1570 patens
720 1486 810 1551 ainus
834 1489 893 1551 est.
943 1485 1011 1552 sed
1034 1504 1124 1570 quas
1146 1479 1215 1574 ripe

191 1571 360 1638 inflexerat
387 1572 438 1639 bis
466 1573 647 1660 inrumpit,
666 1573 810 1659 duosque
839 1575 965 1644 iterum
994 1575 1095 1640 sinus
1118 1564 1227 1652 apert1⁵

138 1677 171 1729 73
190 1659 341 1728 Persicus
368 1666 503 1729 vocatur
530 1663 624 1728 dietis
652 1663 841 1750 regionibus
868 1665 1031 1748 propior,
1063 1655 1208 1751 Arabicus

190 1751 336 1818 ulterior.
385 1749 536 1818 Persicus
564 1775 629 1837 qua
654 1773 744 1817 mare
772 1751 890 1835 accipit
917 1753 1099 1836 utrimque
1125 1744 1203 1840 recto

188 1838 348 1906 lateribus
363 1841 485 1926 grande
504 1841 624 1906 ostium
639 1841 732 1924 quasi
751 1838 874 1906 cervice
890 1841 1129 1926 conplectihu,
1145 1831 1203 1896 dem

187 1928 285 1992 terris
303 1929 338 1992 in
358 1949 486 1994 omnam
500 1931 627 2012 partem
646 1931 739 1994 vaste
758 1933 791 1992 et
809 1949 913 2013 aequa
925 1929 1092 2013 portione
1110 1920 1197 2014 called·

187 2013 277 2078 tibus
310 2033 431 2098 magno
459 2016 593 2080 litorum
621 2017 699 2080 orbe
730 2014 869 2101 pelagus
899 2017 1081 2103 incingens
1111 2003 1221 2102 roddluffl⁰

134 2117 168 2167 '14
186 2101 326 2167 formam
350 2101 467 2186 capitia
491 2103 635 2168 humani.
680 2102 816 2176 Arabici
839 2107 872 2171 et
896 2127 932 2170 os
952 2109 1065 2172 artius
1089 2106 1122 2168 et
1138 2095 1193 2161 lah·

186 2190 266 2256 tudo
294 2189 402 2256 minor
432 2195 496 2276 est,
528 2191 634 2256 maior
661 2192 827 2278 aliquanto
859 2214 1009 2260 recessus
1045 2199 1081 2260 et
1106 2181 1191 2254 multo

186 2279 293 2366 magis
322 2280 424 2366 longa
450 2282 564 2348 latera.
613 2281 675 2346 init
691 2280 834 2367 ¹ponitus
860 2281 1105 2370 introrsusque,
1132 2273 1192 2339 dum

184 2367 374 2456 Aegyptum
392 2392 495 2455 paene
514 2374 547 2436 et
564 2375 710 2438 montem
727 2369 870 2436 Arabiae
889 2369 1025 2438 Casium
1046 2360 1190 2459 adtraat

186 2458 328 2542 quodam
350 2457 487 2544 fastigio
511 2459 619 2525 miuus
643 2481 680 2525 ac
704 2458 811 2525 minus
834 2458 930 2543 latus,
954 2464 988 2524 et
1011 2482 1077 2547 quo
1100 2447 1214 2534 magist

133 2559 166 2608 to
185 2550 338 2628 penetrat
365 2548 544 2633 angustior.
594 2548 635 2612 ab
663 2547 716 2612 his
745 2569 828 2633 quae
855 2547 995 2614 diximus
1023 2549 1066 2615 ad
1097 2544 1187 2610 sinum
1235 2576 1237 2599 ι

183 2630 367 2717 Persicum,
397 2634 462 2698 nisi
494 2635 552 2700 ubi
579 2631 830 2718 Chelonophagi
861 2640 1046 2722 morantur,
1078 2627 1189 2722 deaut

184 2723 269 2784 sunt
319 2719 354 2783 in
387 2721 459 2804 ipso
488 2717 654 2786 Carmanii
680 2721 905 2807 navigantium
937 2724 1072 2792 dextera
1099 2714 1185 2806 posit
1235 2725 1237 2779 t

183 2808 253 2872 sine
282 2810 375 2874 reste
403 2829 440 2874 ac
467 2806 562 2895 fruge
591 2810 660 2874 sine
687 2830 803 2894 pecore
833 2831 871 2876 ac
902 2812 1032 2878 sedibus
1064 2806 1186 2899 piscium

182 2901 255 2962 oute
284 2918 319 2963 se
346 2898 470 2979 velant,
499 2918 594 2964 carne
621 2901 807 2984 vescuntur,
834 2903 965 2984 praeter
993 2901 1102 2987 capita
1128 2890 1238 2973 boiol<

182 3030 397 3042 ——n-—n

254 3096 277 3144 1.
297 3089 363 3145 inde
382 3091 411 3146 A
428 3088 491 3146 Indi
508 3107 529 3146 c
584 3095 608 3145 8.
627 3105 690 3146 rara
707 3091 788 3145 tenet
800 3091 828 3146 A
841 3090 976 3146 Patalene
992 3092 1141 3148 Pincianae

181 3164 206 3212 t.
221 3167 286 3227 poet
298 3160 429 3244 pertinet,
441 3160 658 3245 uddidiAriane
673 3162 702 3216 et
773 3166 799 3216 8.
815 3160 974 3232 accepimus
989 3163 1030 3218 Α1
1044 3179 1109 3220 corr.
1121 3159 1182 3214 itit?
1237 3185 1238 3196 ¹

179 3229 622 3358 saapppgcppfflappnpa,
640 3233 799 3357 witi
812 3230 935 3373 dett-⁰
949 3224 1181 3360 Piilih'i'til

179 3369 279 3450 acrtpqa'
352 3376 392 3426 14.
413 3373 514 3427 eratA
534 3373 691 3455 estaoripu
763 3379 805 3428 16.
841 3373 994 3454 ropiorA¹
1012 3391 1079 3431 core.
1142 3370 1176 3422 lt.

179 3439 298 3495 ultenor
315 3440 356 3502 ΔΙ
380 3457 449 3497 corr.
523 3449 566 3498 24.
585 3443 717 3513 adbnget
733 3443 776 3499 A¹
795 3458 812 3497 a
869 3445 919 3514 gat
936 3443 977 3499 A¹

143 1097 176 1148 ⁷2
