2610 4072
202 290 246 356 20
548 289 726 346 POMPONII
743 289 870 346 MHLAE

199 457 269 520 tum
293 453 414 521 Cnidus
438 455 473 518 in
496 473 595 518 cornu
617 475 720 537 paene
742 453 882 538 insulae,
909 455 1058 538 interque
1087 473 1160 518 eam
1189 457 1225 519 et

147 558 181 610 st
201 541 404 609 Oeramicum
432 543 539 606 sinum
565 543 601 607 in
625 563 755 608 recessu
782 543 891 626 posita
914 541 1079 608 Euthana.
1124 540 1224 606 Hali-

200 653 351 698 carnasos
380 631 578 714 Argivorum
606 632 735 696 colonia
763 635 827 715 est,
860 635 893 696 et
925 652 980 696 cur
1010 631 1225 695 memoranda

200 721 251 805 sit,
269 723 397 804 praeter
417 719 608 804 conditores,
627 719 831 785 Mausoleum
850 720 951 785 efficit
969 719 1057 805 regis
1076 717 1223 783 Mausoli
1276 715 1277 764 ἶ

200 812 458 890 monumentum,
481 829 583 873 unum
606 808 645 873 de
669 809 833 876 miraculis
858 812 996 893 septem,
1019 806 1222 872 Artemisiae
1253 827 1266 867 s

200 919 291 982 opus.
335 902 426 962 trans
446 895 686 964 Halicarnason
703 897 762 962 illa
782 900 869 962 sunt:
888 897 967 962 litus
986 895 1102 978 Leuca,
1120 896 1222 960 urbes

200 985 347 1070 Myndos,
367 984 544 1066 (lamando,
563 985 731 1070 Neapolis,
755 986 844 1051 sinus
863 985 969 1050 Iasius
995 988 1028 1049 et
1046 983 1225 1051 Basilicus.

202 1075 236 1139 in
259 1073 344 1140 Iasio
370 1078 419 1140 est
442 1074 612 1160 Bargylos.

151 1141 190 1204 Π
292 1164 372 1229 Post
386 1163 565 1228 Basilicum
579 1161 672 1226 Ionia
692 1162 817 1246 aliquot
837 1184 871 1227 se
891 1160 1085 1246 ambagibus
1101 1160 1227 1246 sinuat,

149 1219 183 1268 8⁶
204 1255 237 1316 et
263 1253 405 1336 primum
433 1274 452 1315 a
480 1250 618 1315 Posideo
650 1251 877 1334 promunturio
910 1250 1029 1314 flexum
1062 1249 1224 1316 inchoans
1241 1271 1262 1310 a

205 1341 308 1423 cingit
340 1339 507 1405 oraculum
538 1337 703 1421 Apollinis
735 1339 859 1403 dictum
897 1339 975 1404 olim
1008 1338 1227 1423 Branchidae,

204 1448 290 1492 nunc
308 1426 473 1512 Didymei;
493 1427 651 1512 Miletum,
674 1427 789 1492 urbem
808 1427 971 1512 quondam
989 1426 1101 1491 Ioniae
1119 1429 1224 1493 totius

204 1515 286 1580 belli
322 1516 475 1600 pacisque
513 1516 638 1581 artibus
671 1516 867 1600 principem,
898 1515 1041 1600 patriam
1072 1515 1224 1592 Thaletis

206 1605 367 1690 astrologi
390 1609 423 1668 et
446 1603 611 1669 Timothei
635 1605 751 1670 musici
774 1609 806 1669 et
828 1604 1064 1668 Anaximandri
1086 1603 1224 1689 physici,

206 1693 409 1778 aliorumque
437 1693 557 1758 civium
585 1693 716 1759 inclutis
739 1693 882 1779 ingeniis
910 1693 1027 1756 merito
1056 1692 1222 1778 inclutam,
1239 1711 1260 1752 15

201 1787 378 1868 utcumque
401 1781 529 1846 leniam
551 1785 682 1867 vocant3
705 1782 820 1847 urbem
842 1781 980 1866 Hippin,
1005 1780 1110 1846 amnis
1133 1780 1222 1846 Mae-

203 1871 295 1936 andri
318 1872 449 1954 exitum,
472 1870 637 1936 Latinium
661 1874 816 1954 montem,
839 1869 1054 1954 Endymionis
1079 1892 1099 1935 a
1120 1869 1221 1954 Luna,

150 1975 183 2024 87
204 1964 240 2024 ut
268 1959 389 2041 ferunt,
417 1959 561 2023 adamati
588 1958 701 2023 fabula
728 1959 882 2024 nobilem.
929 1959 1006 2022 dein
1032 1979 1143 2024 rursus
1170 1960 1220 2022 in-

202 2047 287 2111 flexa
311 2047 414 2130 cingit
437 2047 552 2110 urbem
575 2046 717 2111 Prienen
744 2051 777 2111 et
801 2047 899 2112 Gaesi
922 2047 1066 2112 fluminis
1090 2046 1223 2129 ostium,

203 2157 342 2219 moxque
365 2138 403 2198 ut
421 2135 543 2198 maiore
562 2134 700 2199 circuitu
722 2136 771 2199 ita
788 2136 883 2219 plura
903 2136 1127 2219 conplectitur.
1170 2132 1221 2199 ibi
1238 2155 1261 2194 a

203 2227 253 2288 est
285 2223 481 2289 Panionium
518 2245 611 2288 sacra
647 2225 756 2307 regio,
795 2227 827 2288 et
865 2224 906 2288 ob
944 2225 978 2288 id
1016 2246 1053 2289 eo
1088 2221 1221 2288 nomine

148 2329 183 2380 88
203 2312 368 2397 adpellata
392 2311 477 2398 quod
501 2335 573 2377 eam
601 2312 818 2378 communiter
840 2311 937 2377 Iones
967 2312 1086 2377 colunt.
1131 2310 1177 2375 ibi
1203 2334 1223 2376 a

202 2402 364 2488 fugitivis,
401 2404 438 2466 ut
470 2402 574 2486 aiunt,
612 2401 741 2467 condita
779 2399 913 2488 (nomen
949 2401 1056 2466 famae
1094 2399 1223 2487 adnuit)

202 2490 360 2574 Phygela.
412 2490 460 2554 ibi
487 2490 637 2574 Ephesus
671 2494 704 2555 et
735 2488 860 2555 Dianae
893 2491 1110 2555 clarissimum
1140 2491 1223 2553 tem-

203 2579 307 2662 plum,
339 2579 424 2662 quod
452 2576 634 2642 Amazones
663 2579 744 2642 Asia
771 2579 894 2660 potitae
923 2599 1128 2644 consecrasse
1155 2582 1223 2642 tra·
1238 2595 1262 2636 2⁵

204 2667 335 2747 duntur,
368 2665 415 2729 ibi
444 2663 599 2748 Caystros
633 2666 751 2747 amnis3
784 2665 830 2729 ibi
860 2664 1022 2750 Lebedos,
1055 2665 1222 2749 Olariique

203 2752 367 2836 Apollinis
400 2752 525 2837 fanum,
557 2753 643 2836 quod
671 2750 785 2816 Manto
813 2752 957 2818 Tiresiae
989 2755 1059 2820 filia
1090 2754 1221 2839 fugiens

275 2932 301 2980 2.
315 2925 477 2981 tetraticum
491 2927 518 2979 A
533 2924 706 2980 Ceramicum
719 2925 865 2983 Barbarus
913 2926 1034 2984 ¹euciana
1047 2931 1074 2984 A
1089 2928 1222 2984 Euthana

203 2998 330 3054 Bursian
380 3004 404 3051 2.
415 3005 440 3052 3.
451 2995 655 3050 halioamassos
666 2997 694 3050 A
703 2996 901 3055 Halicarnasus
915 3003 1015 3070 scripsi
1068 3007 1092 3056 6.
1103 2999 1224 3054 halicar-

205 3086 307 3124 ssonna
317 3071 343 3123 A
358 3067 561 3123 Halicarnason
574 3069 674 3136 scripsi
725 3075 748 3124 7.
763 3070 887 3138 myridos
897 3071 926 3126 A
935 3071 1055 3140 Myndos
1070 3071 1225 3124 Haiiaaus

258 3141 382 3195 amanda
400 3142 427 3194 A
448 3139 594 3193 (laruanda
612 3138 739 3196 Bursian
793 3141 868 3196 iosus
887 3144 914 3195 A
935 3142 1023 3195 Iasius
1041 3157 1061 3194 a
1116 3145 1140 3191 8.
1159 3136 1223 3190 iaso

203 3212 232 3265 A
303 3211 431 3280 baroylos
451 3213 478 3265 A
497 3209 634 3282 Bargylos
653 3211 800 3267 Burburus
872 3218 896 3264 9.
916 3210 1032 3280 aliquod
1050 3209 1091 3262 A¹
1109 3205 1224 3286 aliquot

204 3281 246 3336 A²
324 3289 363 3336 11.
388 3281 545 3336 bramaciae
571 3283 598 3335 A
621 3281 795 3336 Branchidae
822 3281 967 3336 Burburus
1045 3285 1084 3333 12.
1112 3275 1225 3344 didymi

204 3352 232 3405 A
255 3349 386 3419 Didymei
413 3353 522 3410 Vossius
596 3359 636 3407 16.
659 3359 699 3408 17.
725 3351 850 3408 meandri
876 3351 900 3404 A
975 3357 1015 3405 19.
1040 3348 1167 3420 prienam
1194 3351 1224 3404 A

202 3421 361 3478 Prieneno
434 3429 476 3480 21.
500 3423 652 3494 panionum
674 3424 702 3476 A
779 3429 820 3474 22.
846 3419 990 3491 adpellata
1013 3421 1054 3475 A¹
1076 3419 1224 3490 appellata

205 3493 246 3547 A’
317 3499 365 3618 aph
380 3493 505 3564 phygeta
524 3496 550 3548 A
568 3493 695 3564 Phygela
716 3493 862 3548 Burburus
934 3497 976 3549 26.
996 3491 1105 3547 libedos
1125 3493 1152 3548 A

205 3571 247 3620 27.
267 3580 332 3618 man
366 3567 429 3619 oA
