<?xml version="1.0" encoding="UTF-8"?>
<!DOCTYPE html PUBLIC "-//W3C//DTD XHTML 1.0 Transitional//EN"
    "http://www.w3.org/TR/xhtml1/DTD/xhtml1-transitional.dtd">
<html xmlns="http://www.w3.org/1999/xhtml" xml:lang="en" lang="en">
 <head>
  <title>
</title>
<meta http-equiv="Content-Type" content="text/html;charset=utf-8" />
  <meta name='ocr-system' content='tesseract 3.04.00' />
  <meta name='ocr-capabilities' content='ocr_page ocr_carea ocr_par ocr_line ocrx_word'/>
</head>
<body>
  <div class='ocr_page' id='page_1' title='image "./pomponiimelaede04melagoog_0040.png"; bbox 0 0 2610 4072; ppageno 0'>
   <div class='ocr_carea' id='block_1_1' title="bbox 379 215 1107 287">
    <p class='ocr_par' dir='ltr' id='par_1_1' title="bbox 379 215 1107 287">
     <span class='ocr_line' id='line_1_1' title="bbox 379 215 1107 287; baseline 0.018 -17"><span class='ocrx_word' id='word_1_1' title='bbox 379 215 558 272; x_wconf 72' lang='lat' dir='ltr'><strong>caoaosn</strong></span> <span class='ocrx_word' id='word_1_2' title='bbox 577 217 591 271; x_wconf 86' lang='grc' dir='ltr'>Ι</span> <span class='ocrx_word' id='word_1_3' title='bbox 611 222 644 273; x_wconf 83' lang='lat' dir='ltr'><strong>ra</strong></span> <span class='ocrx_word' id='word_1_4' title='bbox 664 217 827 287; x_wconf 82' lang='lat' dir='ltr'><strong>(ror-110)</strong></span> <span class='ocrx_word' id='word_1_5' title='bbox 1064 215 1107 282; x_wconf 82' lang='grc'><strong>25</strong></span> 
     </span>
    </p>
   </div>
   <div class='ocr_carea' id='block_1_2' title="bbox 81 377 1170 644">
    <p class='ocr_par' dir='ltr' id='par_1_2' title="bbox 81 377 1170 644">
     <span class='ocr_line' id='line_1_2' title="bbox 85 377 1105 465; baseline -0.004 -17"><span class='ocrx_word' id='word_1_6' title='bbox 85 404 204 448; x_wconf 89' lang='lat' dir='ltr'><strong>curum</strong></span> <span class='ocrx_word' id='word_1_7' title='bbox 236 379 409 465; x_wconf 89' lang='lat' dir='ltr'><strong>oppidum,</strong></span> <span class='ocrx_word' id='word_1_8' title='bbox 444 379 534 446; x_wconf 83' lang='lat' dir='ltr'><strong>fuere</strong></span> <span class='ocrx_word' id='word_1_9' title='bbox 570 382 604 445; x_wconf 89' lang='lat' dir='ltr'><strong>et</strong></span> <span class='ocrx_word' id='word_1_10' title='bbox 633 377 837 446; x_wconf 79' lang='lat' dir='ltr'><strong>Amazonum</strong></span> <span class='ocrx_word' id='word_1_11' title='bbox 874 381 997 461; x_wconf 86' lang='lat' dir='ltr'><strong>eastra,</strong></span> <span class='ocrx_word' id='word_1_12' title='bbox 1033 378 1105 445; x_wconf 89' lang='lat' dir='ltr'><strong>ideo</strong></span> 
     </span>
     <span class='ocr_line' id='line_1_3' title="bbox 81 465 1170 552; baseline 0 -16"><span class='ocrx_word' id='word_1_13' title='bbox 81 469 303 538; x_wconf 83' lang='lat' dir='ltr'><strong>Amazonium</strong></span> <span class='ocrx_word' id='word_1_14' title='bbox 339 472 466 535; x_wconf 82' lang='lat' dir='ltr'><strong>vocant.</strong></span> <span class='ocrx_word' id='word_1_15' title='bbox 527 466 686 534; x_wconf 82' lang='lat' dir='ltr'><strong>Tuberoni</strong></span> <span class='ocrx_word' id='word_1_16' title='bbox 722 465 886 551; x_wconf 84' lang='lat' dir='ltr'><strong>Chalybas</strong></span> <span class='ocrx_word' id='word_1_17' title='bbox 924 466 1106 552; x_wconf 83' lang='lat' dir='ltr'><strong>adtingunt,</strong></span> <span class='ocrx_word' id='word_1_18' title='bbox 1118 485 1170 536; x_wconf 82' lang='lat' dir='ltr'><strong>roa</strong></span> 
     </span>
     <span class='ocr_line' id='line_1_4' title="bbox 82 555 1108 644; baseline -0.004 -20"><span class='ocrx_word' id='word_1_19' title='bbox 82 559 206 644; x_wconf 92' lang='lat' dir='ltr'><strong>quibus</strong></span> <span class='ocrx_word' id='word_1_20' title='bbox 237 558 273 624; x_wconf 88' lang='lat' dir='ltr'><strong>in</strong></span> <span class='ocrx_word' id='word_1_21' title='bbox 299 558 374 623; x_wconf 91' lang='lat' dir='ltr'><strong>lusu</strong></span> <span class='ocrx_word' id='word_1_22' title='bbox 401 558 534 641; x_wconf 88' lang='lat' dir='ltr'><strong>risuque</strong></span> <span class='ocrx_word' id='word_1_23' title='bbox 565 577 728 622; x_wconf 90' lang='lat' dir='ltr'><strong>summum</strong></span> <span class='ocrx_word' id='word_1_24' title='bbox 754 556 877 622; x_wconf 87' lang='lat' dir='ltr'><strong>bonum</strong></span> <span class='ocrx_word' id='word_1_25' title='bbox 909 557 968 620; x_wconf 85' lang='lat' dir='ltr'><strong>est</strong></span> <span class='ocrx_word' id='word_1_26' title='bbox 1019 555 1108 621; x_wconf 88' lang='lat' dir='ltr'><strong>ultra</strong></span> 
     </span>
    </p>
   </div>
   <div class='ocr_carea' id='block_1_3' title="bbox 35 643 1179 2850">
    <p class='ocr_par' dir='ltr' id='par_1_3' title="bbox 36 643 1170 1614">
     <span class='ocr_line' id='line_1_5' title="bbox 79 643 1106 732; baseline -0.003 -20"><span class='ocrx_word' id='word_1_27' title='bbox 79 646 231 729; x_wconf 78' lang='lat' dir='ltr'>Mossyni</span> <span class='ocrx_word' id='word_1_28' title='bbox 262 650 369 712; x_wconf 83' lang='lat' dir='ltr'><strong>turres</strong></span> <span class='ocrx_word' id='word_1_29' title='bbox 397 645 525 732; x_wconf 82' lang='lat' dir='ltr'><strong>ligneas</strong></span> <span class='ocrx_word' id='word_1_30' title='bbox 556 643 710 728; x_wconf 84' lang='lat' dir='ltr'><strong>subeunt,</strong></span> <span class='ocrx_word' id='word_1_31' title='bbox 740 645 828 712; x_wconf 86' lang='lat' dir='ltr'><strong>notis</strong></span> <span class='ocrx_word' id='word_1_32' title='bbox 860 664 978 728; x_wconf 89' lang='lat' dir='ltr'><strong>eorpus</strong></span> <span class='ocrx_word' id='word_1_33' title='bbox 1011 665 1106 710; x_wconf 90' lang='lat' dir='ltr'><strong>omne</strong></span> 
     </span>
     <span class='ocr_line' id='line_1_6' title="bbox 51 733 1107 820; baseline -0.004 -18"><span class='ocrx_word' id='word_1_34' title='bbox 51 735 291 820; x_wconf 75' lang='lat' dir='ltr'><strong>spcrsignant,</strong></span> <span class='ocrx_word' id='word_1_35' title='bbox 313 735 488 818; x_wconf 88' lang='lat' dir='ltr'><strong>propatulo</strong></span> <span class='ocrx_word' id='word_1_36' title='bbox 507 735 691 818; x_wconf 85' lang='lat' dir='ltr'><strong>vescuntur,</strong></span> <span class='ocrx_word' id='word_1_37' title='bbox 708 733 869 815; x_wconf 90' lang='lat' dir='ltr'><strong>promisce</strong></span> <span class='ocrx_word' id='word_1_38' title='bbox 888 734 1107 799; x_wconf 78' lang='lat' dir='ltr'><strong>concumbrmt</strong></span> 
     </span>
     <span class='ocr_line' id='line_1_7' title="bbox 82 820 1105 908; baseline -0.001 -19"><span class='ocrx_word' id='word_1_39' title='bbox 82 827 118 889; x_wconf 87' lang='lat' dir='ltr'><strong>et</strong></span> <span class='ocrx_word' id='word_1_40' title='bbox 142 823 269 908; x_wconf 89' lang='lat' dir='ltr'><strong>pelam,</strong></span> <span class='ocrx_word' id='word_1_41' title='bbox 290 842 384 907; x_wconf 81' lang='lat' dir='ltr'><strong>reges</strong></span> <span class='ocrx_word' id='word_1_42' title='bbox 408 821 564 906; x_wconf 80' lang='lat' dir='ltr'><strong>suffragio</strong></span> <span class='ocrx_word' id='word_1_43' title='bbox 588 820 750 905; x_wconf 81' lang='lat' dir='ltr'><strong>deligunt,</strong></span> <span class='ocrx_word' id='word_1_44' title='bbox 771 821 975 906; x_wconf 77' lang='lat' dir='ltr'><strong>vinculisque</strong></span> <span class='ocrx_word' id='word_1_45' title='bbox 999 826 1034 886; x_wconf 90' lang='lat' dir='ltr'><strong>et</strong></span> <span class='ocrx_word' id='word_1_46' title='bbox 1055 844 1105 888; x_wconf 88' lang='lat' dir='ltr'><strong>ar·</strong></span> 
     </span>
     <span class='ocr_line' id='line_1_8' title="bbox 81 909 1105 994; baseline 0 -18"><span class='ocrx_word' id='word_1_47' title='bbox 81 912 218 976; x_wconf 88' lang='lat' dir='ltr'><strong>tissima</strong></span> <span class='ocrx_word' id='word_1_48' title='bbox 241 910 388 976; x_wconf 87' lang='lat' dir='ltr'><strong>custodia</strong></span> <span class='ocrx_word' id='word_1_49' title='bbox 409 914 531 992; x_wconf 75' lang='lat' dir='ltr'><strong>tenent,</strong></span> <span class='ocrx_word' id='word_1_50' title='bbox 555 913 652 992; x_wconf 84' lang='lat' dir='ltr'><strong>atquc</strong></span> <span class='ocrx_word' id='word_1_51' title='bbox 671 909 728 974; x_wconf 91' lang='lat' dir='ltr'><strong>uhi</strong></span> <span class='ocrx_word' id='word_1_52' title='bbox 751 909 880 992; x_wconf 89' lang='lat' dir='ltr'><strong>culpam</strong></span> <span class='ocrx_word' id='word_1_53' title='bbox 903 931 1002 994; x_wconf 88' lang='lat' dir='ltr'><strong>prave</strong></span> <span class='ocrx_word' id='word_1_54' title='bbox 1027 909 1105 994; x_wconf 89' lang='lat' dir='ltr'><strong>quid</strong></span> 
     </span>
     <span class='ocr_line' id='line_1_9' title="bbox 83 995 1105 1083; baseline 0.003 -21"><span class='ocrx_word' id='word_1_55' title='bbox 83 997 266 1082; x_wconf 83' lang='lat' dir='ltr'><strong>inperando</strong></span> <span class='ocrx_word' id='word_1_56' title='bbox 298 1019 459 1082; x_wconf 85' lang='lat' dir='ltr'><strong>meruere,</strong></span> <span class='ocrx_word' id='word_1_57' title='bbox 490 997 597 1062; x_wconf 86' lang='lat' dir='ltr'><strong>inedia</strong></span> <span class='ocrx_word' id='word_1_58' title='bbox 630 995 696 1062; x_wconf 89' lang='lat' dir='ltr'><strong>diei</strong></span> <span class='ocrx_word' id='word_1_59' title='bbox 726 998 829 1064; x_wconf 90' lang='lat' dir='ltr'><strong>totius</strong></span> <span class='ocrx_word' id='word_1_60' title='bbox 858 997 1024 1083; x_wconf 87' lang='lat' dir='ltr'><strong>adficiunt,</strong></span> <span class='ocrx_word' id='word_1_61' title='bbox 1056 1021 1105 1065; x_wconf 89' lang='lat' dir='ltr'><strong>ce·</strong></span> 
     </span>
     <span class='ocr_line' id='line_1_10' title="bbox 83 1085 1168 1170; baseline 0.002 -18"><span class='ocrx_word' id='word_1_62' title='bbox 83 1091 194 1152; x_wconf 89' lang='lat' dir='ltr'><strong>terum</strong></span> <span class='ocrx_word' id='word_1_63' title='bbox 209 1087 316 1170; x_wconf 87' lang='lat' dir='ltr'><strong>asperi</strong></span> <span class='ocrx_word' id='word_1_64' title='bbox 331 1086 447 1152; x_wconf 79' lang='lat' dir='ltr'><strong>inculti</strong></span> <span class='ocrx_word' id='word_1_65' title='bbox 461 1085 611 1170; x_wconf 75' lang='lat' dir='ltr'>pernoxii</span> <span class='ocrx_word' id='word_1_66' title='bbox 630 1085 785 1170; x_wconf 81' lang='lat' dir='ltr'><strong>adpulsis.</strong></span> <span class='ocrx_word' id='word_1_67' title='bbox 817 1085 892 1152; x_wconf 89' lang='lat' dir='ltr'><strong>dein</strong></span> <span class='ocrx_word' id='word_1_68' title='bbox 909 1085 1017 1150; x_wconf 90' lang='lat' dir='ltr'><strong>minus</strong></span> <span class='ocrx_word' id='word_1_69' title='bbox 1035 1085 1168 1170; x_wconf 76' lang='lat' dir='ltr'><strong>feri,10⁷</strong></span> 
     </span>
     <span class='ocr_line' id='line_1_11' title="bbox 36 1173 1105 1263; baseline 0.006 -29"><span class='ocrx_word' id='word_1_70' title='bbox 36 1195 68 1234; x_wconf 83' lang='lat' dir='ltr'><strong>ro</strong></span> <span class='ocrx_word' id='word_1_71' title='bbox 81 1197 198 1240; x_wconf 85' lang='lat' dir='ltr'><strong>verum</strong></span> <span class='ocrx_word' id='word_1_72' title='bbox 217 1177 250 1241; x_wconf 86' lang='lat' dir='ltr'><strong>et</strong></span> <span class='ocrx_word' id='word_1_73' title='bbox 272 1174 306 1263; x_wconf 85' lang='lat' dir='ltr'><strong>hi</strong></span> <span class='ocrx_word' id='word_1_74' title='bbox 325 1173 499 1240; x_wconf 89' lang='lat' dir='ltr'><strong>inconditis</strong></span> <span class='ocrx_word' id='word_1_75' title='bbox 523 1174 679 1257; x_wconf 89' lang='lat' dir='ltr'><strong>moribus,</strong></span> <span class='ocrx_word' id='word_1_76' title='bbox 697 1173 948 1258; x_wconf 76' lang='lat' dir='ltr'><strong>Macrocephali,</strong></span> <span class='ocrx_word' id='word_1_77' title='bbox 964 1173 1105 1260; x_wconf 85' lang='lat' dir='ltr'><strong>Bechiri,</strong></span> 
     </span>
     <span class='ocr_line' id='line_1_12' title="bbox 85 1261 1105 1347; baseline 0 -19"><span class='ocrx_word' id='word_1_78' title='bbox 85 1263 218 1330; x_wconf 85' lang='lat' dir='ltr'><strong>Buxeri.</strong></span> <span class='ocrx_word' id='word_1_79' title='bbox 246 1285 339 1330; x_wconf 88' lang='lat' dir='ltr'><strong>rarae</strong></span> <span class='ocrx_word' id='word_1_80' title='bbox 353 1263 466 1330; x_wconf 89' lang='lat' dir='ltr'><strong>urbes:</strong></span> <span class='ocrx_word' id='word_1_81' title='bbox 481 1261 664 1330; x_wconf 89' lang='lat' dir='ltr'><strong>Cerasunta</strong></span> <span class='ocrx_word' id='word_1_82' title='bbox 678 1265 712 1326; x_wconf 89' lang='lat' dir='ltr'><strong>et</strong></span> <span class='ocrx_word' id='word_1_83' title='bbox 726 1262 889 1347; x_wconf 76' lang='lat' dir='ltr'><strong>Trapezos</strong></span> <span class='ocrx_word' id='word_1_84' title='bbox 903 1263 1044 1328; x_wconf 88' lang='lat' dir='ltr'><strong>maxime</strong></span> <span class='ocrx_word' id='word_1_85' title='bbox 1057 1263 1105 1328; x_wconf 90' lang='lat' dir='ltr'><strong>in-</strong></span> 
     </span>
     <span class='ocr_line' id='line_1_13' title="bbox 82 1350 1170 1435; baseline 0.004 -19"><span class='ocrx_word' id='word_1_86' title='bbox 82 1353 214 1417; x_wconf 77' lang='lat' dir='ltr'><strong>lustres,</strong></span> <span class='ocrx_word' id='word_1_87' title='bbox 249 1352 324 1417; x_wconf 88' lang='lat' dir='ltr'><strong>indc</strong></span> <span class='ocrx_word' id='word_1_88' title='bbox 342 1352 372 1416; x_wconf 91' lang='lat' dir='ltr'><strong>is</strong></span> <span class='ocrx_word' id='word_1_89' title='bbox 390 1352 480 1416; x_wconf 89' lang='lat' dir='ltr'><strong>locus</strong></span> <span class='ocrx_word' id='word_1_90' title='bbox 500 1355 551 1416; x_wconf 91' lang='lat' dir='ltr'><strong>est</strong></span> <span class='ocrx_word' id='word_1_91' title='bbox 568 1351 627 1416; x_wconf 91' lang='lat' dir='ltr'><strong>ubi</strong></span> <span class='ocrx_word' id='word_1_92' title='bbox 644 1351 743 1426; x_wconf 56' lang='lat' dir='ltr'><strong>hem</strong></span> <span class='ocrx_word' id='word_1_93' title='bbox 761 1352 876 1418; x_wconf 87' lang='lat' dir='ltr'><strong>ductus</strong></span> <span class='ocrx_word' id='word_1_94' title='bbox 896 1373 916 1415; x_wconf 91' lang='lat' dir='ltr'><strong>a</strong></span> <span class='ocrx_word' id='word_1_95' title='bbox 933 1350 1105 1435; x_wconf 72' lang='lat' dir='ltr'>Bosphoro</span> <span class='ocrx_word' id='word_1_96' title='bbox 1117 1369 1170 1420; x_wconf 87' lang='lat'><strong>108</strong></span> 
     </span>
     <span class='ocr_line' id='line_1_14' title="bbox 84 1439 1106 1525; baseline 0.002 -21"><span class='ocrx_word' id='word_1_97' title='bbox 84 1443 212 1504; x_wconf 87' lang='lat' dir='ltr'><strong>tractus</strong></span> <span class='ocrx_word' id='word_1_98' title='bbox 241 1440 371 1525; x_wconf 88' lang='lat' dir='ltr'><strong>accipit,</strong></span> <span class='ocrx_word' id='word_1_99' title='bbox 400 1444 497 1524; x_wconf 91' lang='lat' dir='ltr'><strong>atque</strong></span> <span class='ocrx_word' id='word_1_100' title='bbox 524 1439 599 1505; x_wconf 89' lang='lat' dir='ltr'><strong>inde</strong></span> <span class='ocrx_word' id='word_1_101' title='bbox 623 1461 658 1505; x_wconf 89' lang='lat' dir='ltr'><strong>ss</strong></span> <span class='ocrx_word' id='word_1_102' title='bbox 686 1440 721 1505; x_wconf 94' lang='lat' dir='ltr'><strong>in</strong></span> <span class='ocrx_word' id='word_1_103' title='bbox 744 1441 819 1506; x_wconf 90' lang='lat' dir='ltr'><strong>sinu</strong></span> <span class='ocrx_word' id='word_1_104' title='bbox 847 1440 975 1506; x_wconf 87' lang='lat' dir='ltr'><strong>adversi</strong></span> <span class='ocrx_word' id='word_1_105' title='bbox 998 1439 1106 1506; x_wconf 87' lang='lat' dir='ltr'><strong>litoris</strong></span> 
     </span>
     <span class='ocr_line' id='line_1_15' title="bbox 83 1527 1107 1614; baseline 0.004 -22"><span class='ocrx_word' id='word_1_106' title='bbox 83 1527 187 1594; x_wconf 87' lang='lat' dir='ltr'><strong>flexus</strong></span> <span class='ocrx_word' id='word_1_107' title='bbox 215 1529 376 1596; x_wconf 85' lang='lat' dir='ltr'><strong>adtollens</strong></span> <span class='ocrx_word' id='word_1_108' title='bbox 405 1528 676 1614; x_wconf 80' lang='lat' dir='ltr'><strong>angustissimum</strong></span> <span class='ocrx_word' id='word_1_109' title='bbox 703 1528 802 1594; x_wconf 90' lang='lat' dir='ltr'><strong>Ponti</strong></span> <span class='ocrx_word' id='word_1_110' title='bbox 829 1528 911 1594; x_wconf 90' lang='lat' dir='ltr'><strong>facit</strong></span> <span class='ocrx_word' id='word_1_111' title='bbox 940 1529 1107 1614; x_wconf 81' lang='lat' dir='ltr'><strong>angulum.</strong></span> 
     </span>
    </p>

    <p class='ocr_par' dir='ltr' id='par_1_4' title="bbox 35 1614 1170 2055">
     <span class='ocr_line' id='line_1_16' title="bbox 35 1614 1107 1700; baseline 0 -18"><span class='ocrx_word' id='word_1_112' title='bbox 35 1634 69 1675; x_wconf 79' lang='lat'><strong>15</strong></span> <span class='ocrx_word' id='word_1_113' title='bbox 84 1615 140 1682; x_wconf 90' lang='lat' dir='ltr'><strong>hic</strong></span> <span class='ocrx_word' id='word_1_114' title='bbox 159 1620 235 1682; x_wconf 87' lang='lat' dir='ltr'><strong>sunt</strong></span> <span class='ocrx_word' id='word_1_115' title='bbox 248 1614 373 1700; x_wconf 79' lang='lat' dir='ltr'><strong>Colchi,</strong></span> <span class='ocrx_word' id='word_1_116' title='bbox 391 1616 455 1682; x_wconf 87' lang='lat' dir='ltr'><strong>huc</strong></span> <span class='ocrx_word' id='word_1_117' title='bbox 469 1617 587 1682; x_wconf 82' lang='lat' dir='ltr'><strong>Phasis</strong></span> <span class='ocrx_word' id='word_1_118' title='bbox 607 1617 757 1700; x_wconf 81' lang='lat' dir='ltr'><strong>erumpit,</strong></span> <span class='ocrx_word' id='word_1_119' title='bbox 775 1617 829 1682; x_wconf 89' lang='lat' dir='ltr'><strong>hio</strong></span> <span class='ocrx_word' id='word_1_120' title='bbox 844 1617 956 1683; x_wconf 86' lang='lat' dir='ltr'><strong>eodem</strong></span> <span class='ocrx_word' id='word_1_121' title='bbox 974 1618 1107 1682; x_wconf 86' lang='lat' dir='ltr'><strong>nomine</strong></span> 
     </span>
     <span class='ocr_line' id='line_1_17' title="bbox 86 1703 1107 1788; baseline 0 -18"><span class='ocrx_word' id='word_1_122' title='bbox 86 1726 151 1788; x_wconf 89' lang='lat' dir='ltr'><strong>quo</strong></span> <span class='ocrx_word' id='word_1_123' title='bbox 172 1705 278 1770; x_wconf 86' lang='lat' dir='ltr'><strong>amnis</strong></span> <span class='ocrx_word' id='word_1_124' title='bbox 301 1709 351 1770; x_wconf 91' lang='lat' dir='ltr'><strong>est</strong></span> <span class='ocrx_word' id='word_1_125' title='bbox 369 1727 389 1768; x_wconf 93' lang='lat' dir='ltr'><strong>a</strong></span> <span class='ocrx_word' id='word_1_126' title='bbox 406 1704 659 1787; x_wconf 83' lang='lat' dir='ltr'><strong>Themistagora</strong></span> <span class='ocrx_word' id='word_1_127' title='bbox 675 1703 804 1770; x_wconf 89' lang='lat' dir='ltr'><strong>Milesio</strong></span> <span class='ocrx_word' id='word_1_128' title='bbox 824 1704 996 1770; x_wconf 87' lang='lat' dir='ltr'><strong>deductum</strong></span> <span class='ocrx_word' id='word_1_129' title='bbox 1017 1705 1107 1788; x_wconf 90' lang='lat' dir='ltr'><strong>oppi-</strong></span> 
     </span>
     <span class='ocr_line' id='line_1_18' title="bbox 86 1790 1106 1877; baseline 0.002 -21"><span class='ocrx_word' id='word_1_130' title='bbox 86 1793 174 1875; x_wconf 87' lang='lat' dir='ltr'><strong>dum,</strong></span> <span class='ocrx_word' id='word_1_131' title='bbox 196 1792 251 1856; x_wconf 92' lang='lat' dir='ltr'><strong>hic</strong></span> <span class='ocrx_word' id='word_1_132' title='bbox 267 1790 383 1857; x_wconf 87' lang='lat' dir='ltr'><strong>Phrixi</strong></span> <span class='ocrx_word' id='word_1_133' title='bbox 400 1793 561 1877; x_wconf 85' lang='lat' dir='ltr'><strong>templum</strong></span> <span class='ocrx_word' id='word_1_134' title='bbox 582 1796 615 1856; x_wconf 85' lang='lat' dir='ltr'><strong>ct</strong></span> <span class='ocrx_word' id='word_1_135' title='bbox 632 1793 734 1875; x_wconf 90' lang='lat' dir='ltr'><strong>lucus,</strong></span> <span class='ocrx_word' id='word_1_136' title='bbox 752 1791 865 1858; x_wconf 91' lang='lat' dir='ltr'><strong>fabula</strong></span> <span class='ocrx_word' id='word_1_137' title='bbox 883 1796 992 1858; x_wconf 85' lang='lat' dir='ltr'><strong>vetare</strong></span> <span class='ocrx_word' id='word_1_138' title='bbox 1010 1793 1106 1876; x_wconf 90' lang='lat' dir='ltr'><strong>pellis</strong></span> 
     </span>
     <span class='ocr_line' id='line_1_19' title="bbox 87 1880 1170 1968; baseline 0.004 -24"><span class='ocrx_word' id='word_1_139' title='bbox 87 1901 204 1944; x_wconf 84' lang='lat' dir='ltr'><strong>aureae</strong></span> <span class='ocrx_word' id='word_1_140' title='bbox 231 1880 362 1947; x_wconf 90' lang='lat' dir='ltr'><strong>nobilis.</strong></span> <span class='ocrx_word' id='word_1_141' title='bbox 412 1880 489 1946; x_wconf 89' lang='lat' dir='ltr'><strong>hinc</strong></span> <span class='ocrx_word' id='word_1_142' title='bbox 519 1881 583 1946; x_wconf 91' lang='lat' dir='ltr'><strong>orti</strong></span> <span class='ocrx_word' id='word_1_143' title='bbox 616 1885 744 1946; x_wconf 88' lang='lat' dir='ltr'><strong>montes</strong></span> <span class='ocrx_word' id='word_1_144' title='bbox 773 1881 872 1966; x_wconf 80' lang='lat' dir='ltr'><strong>longo</strong></span> <span class='ocrx_word' id='word_1_145' title='bbox 905 1903 939 1946; x_wconf 89' lang='lat' dir='ltr'><strong>se</strong></span> <span class='ocrx_word' id='word_1_146' title='bbox 966 1882 1044 1968; x_wconf 82' lang='lat' dir='ltr'><strong>iugo</strong></span> <span class='ocrx_word' id='word_1_147' title='bbox 1074 1886 1107 1948; x_wconf 88' lang='lat' dir='ltr'><strong>ot</strong></span> <span class='ocrx_word' id='word_1_148' title='bbox 1117 1898 1170 1948; x_wconf 82' lang='lat'><strong>109</strong></span> 
     </span>
     <span class='ocr_line' id='line_1_20' title="bbox 87 1967 1107 2055; baseline 0.002 -21"><span class='ocrx_word' id='word_1_149' title='bbox 87 1969 189 2034; x_wconf 92' lang='lat' dir='ltr'><strong>donec</strong></span> <span class='ocrx_word' id='word_1_150' title='bbox 210 1967 368 2054; x_wconf 81' lang='lat' dir='ltr'><strong>Riphaeis</strong></span> <span class='ocrx_word' id='word_1_151' title='bbox 397 1969 636 2054; x_wconf 82' lang='lat' dir='ltr'><strong>coniungantur</strong></span> <span class='ocrx_word' id='word_1_152' title='bbox 664 1971 890 2055; x_wconf 70' lang='lat' dir='ltr'><strong>exporrigunt,</strong></span> <span class='ocrx_word' id='word_1_153' title='bbox 920 1970 975 2054; x_wconf 92' lang='lat' dir='ltr'><strong>qui</strong></span> <span class='ocrx_word' id='word_1_154' title='bbox 1004 1972 1107 2036; x_wconf 90' lang='lat' dir='ltr'><strong>altera</strong></span> 
     </span>
    </p>

    <p class='ocr_par' dir='ltr' id='par_1_5' title="bbox 47 2056 1179 2492">
     <span class='ocr_line' id='line_1_21' title="bbox 47 2056 1107 2140; baseline 0.008 -24"><span class='ocrx_word' id='word_1_155' title='bbox 47 2076 74 2116; x_wconf 88' lang='lat' dir='ltr'><strong>ao</strong></span> <span class='ocrx_word' id='word_1_156' title='bbox 86 2059 181 2140; x_wconf 87' lang='lat' dir='ltr'><strong>parte</strong></span> <span class='ocrx_word' id='word_1_157' title='bbox 208 2056 243 2122; x_wconf 87' lang='lat' dir='ltr'><strong>in</strong></span> <span class='ocrx_word' id='word_1_158' title='bbox 270 2057 434 2123; x_wconf 83' lang='lat' dir='ltr'><strong>Euxinum</strong></span> <span class='ocrx_word' id='word_1_159' title='bbox 464 2061 496 2124; x_wconf 88' lang='lat' dir='ltr'><strong>st</strong></span> <span class='ocrx_word' id='word_1_160' title='bbox 518 2057 684 2124; x_wconf 89' lang='lat' dir='ltr'><strong>Maeotida</strong></span> <span class='ocrx_word' id='word_1_161' title='bbox 711 2063 743 2124; x_wconf 90' lang='lat' dir='ltr'><strong>et</strong></span> <span class='ocrx_word' id='word_1_162' title='bbox 770 2058 911 2138; x_wconf 85' lang='lat' dir='ltr'><strong>Tanain,</strong></span> <span class='ocrx_word' id='word_1_163' title='bbox 940 2058 1045 2124; x_wconf 86' lang='lat' dir='ltr'><strong>altera</strong></span> <span class='ocrx_word' id='word_1_164' title='bbox 1071 2060 1107 2126; x_wconf 89' lang='lat' dir='ltr'><strong>in</strong></span> 
     </span>
     <span class='ocr_line' id='line_1_22' title="bbox 89 2143 1179 2232; baseline 0.002 -21"><span class='ocrx_word' id='word_1_165' title='bbox 89 2143 245 2228; x_wconf 81' lang='lat' dir='ltr'><strong>Caspium</strong></span> <span class='ocrx_word' id='word_1_166' title='bbox 267 2146 405 2231; x_wconf 83' lang='lat' dir='ltr'><strong>pelagus</strong></span> <span class='ocrx_word' id='word_1_167' title='bbox 424 2147 563 2232; x_wconf 85' lang='lat' dir='ltr'><strong>obversi,</strong></span> <span class='ocrx_word' id='word_1_168' title='bbox 586 2144 727 2214; x_wconf 79' lang='lat' dir='ltr'><strong>Cerauni</strong></span> <span class='ocrx_word' id='word_1_169' title='bbox 750 2147 916 2231; x_wconf 87' lang='lat' dir='ltr'><strong>dicuntur,</strong></span> <span class='ocrx_word' id='word_1_170' title='bbox 938 2147 1025 2212; x_wconf 88' lang='lat' dir='ltr'><strong>idem</strong></span> <span class='ocrx_word' id='word_1_171' title='bbox 1049 2148 1106 2213; x_wconf 88' lang='lat' dir='ltr'><strong>ali-</strong></span> <span class='ocrx_word' id='word_1_172' title='bbox 1173 2165 1179 2178; x_wconf 84' lang='lat'><em>·</em></span> 
     </span>
     <span class='ocr_line' id='line_1_23' title="bbox 87 2231 1106 2318; baseline 0.005 -23"><span class='ocrx_word' id='word_1_173' title='bbox 87 2232 145 2296; x_wconf 90' lang='lat' dir='ltr'><strong>ubi</strong></span> <span class='ocrx_word' id='word_1_174' title='bbox 173 2231 304 2298; x_wconf 83' lang='lat' dir='ltr'><strong>Taurici</strong></span> <span class='ocrx_word' id='word_1_175' title='bbox 331 2233 458 2300; x_wconf 88' lang='lat' dir='ltr'><strong>Moschi</strong></span> <span class='ocrx_word' id='word_1_176' title='bbox 484 2233 677 2300; x_wconf 84' lang='lat' dir='ltr'><strong>Amazonici</strong></span> <span class='ocrx_word' id='word_1_177' title='bbox 704 2233 817 2318; x_wconf 88' lang='lat' dir='ltr'><strong>Caspii</strong></span> <span class='ocrx_word' id='word_1_178' title='bbox 850 2233 999 2300; x_wconf 86' lang='lat' dir='ltr'><strong>Coraxici</strong></span> <span class='ocrx_word' id='word_1_179' title='bbox 1026 2234 1106 2301; x_wconf 90' lang='lat' dir='ltr'><strong>Cau-</strong></span> 
     </span>
     <span class='ocr_line' id='line_1_24' title="bbox 89 2319 1106 2407; baseline 0.005 -24"><span class='ocrx_word' id='word_1_180' title='bbox 89 2319 178 2402; x_wconf 87' lang='lat' dir='ltr'><strong>casii,</strong></span> <span class='ocrx_word' id='word_1_181' title='bbox 195 2325 233 2384; x_wconf 90' lang='lat' dir='ltr'><strong>ut</strong></span> <span class='ocrx_word' id='word_1_182' title='bbox 252 2321 325 2385; x_wconf 81' lang='lat' dir='ltr'><strong>aliis</strong></span> <span class='ocrx_word' id='word_1_183' title='bbox 346 2322 461 2386; x_wconf 85' lang='lat' dir='ltr'><strong>aliisve</strong></span> <span class='ocrx_word' id='word_1_184' title='bbox 480 2322 620 2405; x_wconf 88' lang='lat' dir='ltr'><strong>adpositi</strong></span> <span class='ocrx_word' id='word_1_185' title='bbox 639 2323 793 2407; x_wconf 82' lang='lat' dir='ltr'><strong>gentibus</strong></span> <span class='ocrx_word' id='word_1_186' title='bbox 807 2323 855 2388; x_wconf 87' lang='lat' dir='ltr'><strong>ita</strong></span> <span class='ocrx_word' id='word_1_187' title='bbox 875 2322 949 2386; x_wconf 91' lang='lat' dir='ltr'><strong>aliis</strong></span> <span class='ocrx_word' id='word_1_188' title='bbox 969 2322 1106 2406; x_wconf 89' lang='lat' dir='ltr'><strong>aliisque</strong></span> 
     </span>
     <span class='ocr_line' id='line_1_25' title="bbox 89 2407 1169 2492; baseline 0.006 -21"><span class='ocrx_word' id='word_1_189' title='bbox 89 2407 166 2472; x_wconf 91' lang='lat' dir='ltr'><strong>dicti</strong></span> <span class='ocrx_word' id='word_1_190' title='bbox 193 2407 389 2474; x_wconf 88' lang='lat' dir='ltr'><strong>nominibus.</strong></span> <span class='ocrx_word' id='word_1_191' title='bbox 434 2412 468 2474; x_wconf 91' lang='lat' dir='ltr'><strong>at</strong></span> <span class='ocrx_word' id='word_1_192' title='bbox 495 2410 528 2474; x_wconf 87' lang='lat' dir='ltr'><strong>in</strong></span> <span class='ocrx_word' id='word_1_193' title='bbox 551 2411 657 2492; x_wconf 90' lang='lat' dir='ltr'><strong>primo</strong></span> <span class='ocrx_word' id='word_1_194' title='bbox 680 2411 765 2476; x_wconf 86' lang='lat' dir='ltr'><strong>flexu</strong></span> <span class='ocrx_word' id='word_1_195' title='bbox 787 2410 853 2476; x_wconf 89' lang='lat' dir='ltr'><strong>iam</strong></span> <span class='ocrx_word' id='word_1_196' title='bbox 882 2410 972 2475; x_wconf 84' lang='lat' dir='ltr'><strong>curvi</strong></span> <span class='ocrx_word' id='word_1_197' title='bbox 998 2409 1106 2476; x_wconf 89' lang='lat' dir='ltr'><strong>litoris</strong></span> <span class='ocrx_word' id='word_1_198' title='bbox 1117 2428 1169 2478; x_wconf 83' lang='lat'><strong>110</strong></span> 
     </span>
    </p>

    <p class='ocr_par' dir='ltr' id='par_1_6' title="bbox 50 2495 1107 2850">
     <span class='ocr_line' id='line_1_26' title="bbox 50 2495 1107 2583; baseline 0.009 -28"><span class='ocrx_word' id='word_1_199' title='bbox 50 2513 77 2555; x_wconf 82' lang='lat' dir='ltr'><strong>ss</strong></span> <span class='ocrx_word' id='word_1_200' title='bbox 92 2495 247 2580; x_wconf 89' lang='lat' dir='ltr'><strong>oppidum</strong></span> <span class='ocrx_word' id='word_1_201' title='bbox 276 2500 326 2562; x_wconf 88' lang='lat' dir='ltr'><strong>est</strong></span> <span class='ocrx_word' id='word_1_202' title='bbox 350 2497 435 2582; x_wconf 86' lang='lat' dir='ltr'><strong>quod</strong></span> <span class='ocrx_word' id='word_1_203' title='bbox 459 2495 575 2564; x_wconf 78' lang='lat' dir='ltr'><strong>Graeci</strong></span> <span class='ocrx_word' id='word_1_204' title='bbox 597 2502 794 2564; x_wconf 79' lang='lat' dir='ltr'><strong>mercatores</strong></span> <span class='ocrx_word' id='word_1_205' title='bbox 823 2498 1047 2583; x_wconf 85' lang='lat' dir='ltr'><strong>constituisse,</strong></span> <span class='ocrx_word' id='word_1_206' title='bbox 1073 2503 1107 2564; x_wconf 88' lang='lat' dir='ltr'><strong>et</strong></span> 
     </span>
     <span class='ocr_line' id='line_1_27' title="bbox 87 2585 1107 2672; baseline 0.003 -22"><span class='ocrx_word' id='word_1_207' title='bbox 87 2585 162 2669; x_wconf 89' lang='lat' dir='ltr'><strong>quia</strong></span> <span class='ocrx_word' id='word_1_208' title='bbox 194 2605 267 2652; x_wconf 88' lang='lat' dir='ltr'><strong>cum</strong></span> <span class='ocrx_word' id='word_1_209' title='bbox 301 2607 398 2652; x_wconf 88' lang='lat' dir='ltr'><strong>caeca</strong></span> <span class='ocrx_word' id='word_1_210' title='bbox 427 2589 623 2670; x_wconf 83' lang='lat' dir='ltr'><strong>tempestate</strong></span> <span class='ocrx_word' id='word_1_211' title='bbox 656 2591 849 2672; x_wconf 84' lang='lat' dir='ltr'><strong>agerentur,</strong></span> <span class='ocrx_word' id='word_1_212' title='bbox 885 2586 1010 2672; x_wconf 84' lang='lat' dir='ltr'><strong>ignaris</strong></span> <span class='ocrx_word' id='word_1_213' title='bbox 1043 2609 1107 2672; x_wconf 86' lang='lat' dir='ltr'><strong>qua</strong></span> 
     </span>
     <span class='ocr_line' id='line_1_28' title="bbox 86 2673 1105 2766; baseline 0.004 -29"><span class='ocrx_word' id='word_1_214' title='bbox 86 2677 284 2766; x_wconf 30' lang='lat' dir='ltr'><strong>terrauesset</strong></span> <span class='ocrx_word' id='word_1_215' title='bbox 308 2675 403 2759; x_wconf 88' lang='lat' dir='ltr'><strong>cycni</strong></span> <span class='ocrx_word' id='word_1_216' title='bbox 425 2695 489 2740; x_wconf 85' lang='lat' dir='ltr'><strong>vox</strong></span> <span class='ocrx_word' id='word_1_217' title='bbox 511 2677 626 2742; x_wconf 87' lang='lat' dir='ltr'><strong>uotam</strong></span> <span class='ocrx_word' id='word_1_218' title='bbox 649 2675 796 2760; x_wconf 90' lang='lat' dir='ltr'><strong>dederat,</strong></span> <span class='ocrx_word' id='word_1_219' title='bbox 825 2673 973 2760; x_wconf 88' lang='lat' dir='ltr'><strong>Cycnum</strong></span> <span class='ocrx_word' id='word_1_220' title='bbox 996 2677 1105 2761; x_wconf 89' lang='lat' dir='ltr'><strong>adpel-</strong></span> 
     </span>
     <span class='ocr_line' id='line_1_29' title="bbox 85 2762 1105 2850; baseline 0.005 -26"><span class='ocrx_word' id='word_1_221' title='bbox 85 2762 170 2828; x_wconf 89' lang='lat' dir='ltr'><strong>lasso</strong></span> <span class='ocrx_word' id='word_1_222' title='bbox 194 2762 354 2828; x_wconf 71' lang='lat' dir='ltr'><strong>dicuntum.</strong></span> <span class='ocrx_word' id='word_1_223' title='bbox 400 2763 527 2847; x_wconf 86' lang='lat' dir='ltr'><strong>reliqua</strong></span> <span class='ocrx_word' id='word_1_224' title='bbox 550 2764 620 2829; x_wconf 88' lang='lat' dir='ltr'><strong>eius</strong></span> <span class='ocrx_word' id='word_1_225' title='bbox 643 2765 731 2830; x_wconf 89' lang='lat' dir='ltr'><strong>ferae</strong></span> <span class='ocrx_word' id='word_1_226' title='bbox 760 2764 967 2848; x_wconf 75' lang='lat' dir='ltr'><strong>incultusque</strong></span> <span class='ocrx_word' id='word_1_227' title='bbox 991 2769 1105 2850; x_wconf 82' lang='lat' dir='ltr'><strong>gentes</strong></span> 
     </span>
    </p>
   </div>
   <div class='ocr_carea' id='block_1_4' title="bbox 88 2916 1106 3554">
    <p class='ocr_par' dir='ltr' id='par_1_7' title="bbox 88 2916 1106 3554">
     <span class='ocr_line' id='line_1_30' title="bbox 159 2916 1106 2986; baseline 0.007 -19"><span class='ocrx_word' id='word_1_228' title='bbox 159 2923 183 2970; x_wconf 90' lang='grc'><strong>2.</strong></span> <span class='ocrx_word' id='word_1_229' title='bbox 204 2917 358 2984; x_wconf 83' lang='lat' dir='ltr'><strong>adtingunt</strong></span> <span class='ocrx_word' id='word_1_230' title='bbox 371 2916 412 2969; x_wconf 83' lang='lat' dir='ltr'><strong>A¹</strong></span> <span class='ocrx_word' id='word_1_231' title='bbox 431 2917 577 2986; x_wconf 83' lang='lat' dir='ltr'><strong>attingunt</strong></span> <span class='ocrx_word' id='word_1_232' title='bbox 589 2919 630 2972; x_wconf 75' lang='lat' dir='ltr'><strong>A&#39;</strong></span> <span class='ocrx_word' id='word_1_233' title='bbox 684 2925 709 2974; x_wconf 86' lang='grc'><strong>3.</strong></span> <span class='ocrx_word' id='word_1_234' title='bbox 728 2919 804 2973; x_wconf 89' lang='lat' dir='ltr'><strong>ultra</strong></span> <span class='ocrx_word' id='word_1_235' title='bbox 823 2919 975 2974; x_wconf 87' lang='lat' dir='ltr'><strong>carambim</strong></span> <span class='ocrx_word' id='word_1_236' title='bbox 988 2920 1017 2975; x_wconf 97' lang='lat' dir='ltr'><strong><em>A</em></strong></span> <span class='ocrx_word' id='word_1_237' title='bbox 1030 2921 1106 2974; x_wconf 91' lang='lat' dir='ltr'><strong>ultra</strong></span> 
     </span>
     <span class='ocr_line' id='line_1_31' title="bbox 101 2985 1105 3058; baseline 0.006 -20"><span class='ocrx_word' id='word_1_238' title='bbox 101 2985 214 3040; x_wconf 75' lang='lat' dir='ltr'><strong>Vinctus</strong></span> <span class='ocrx_word' id='word_1_239' title='bbox 286 2991 309 3040; x_wconf 88' lang='grc'><strong>9.</strong></span> <span class='ocrx_word' id='word_1_240' title='bbox 329 2985 456 3054; x_wconf 86' lang='lat' dir='ltr'><strong>adpulsis</strong></span> <span class='ocrx_word' id='word_1_241' title='bbox 479 2988 520 3039; x_wconf 87' lang='lat' dir='ltr'><strong>A¹</strong></span> <span class='ocrx_word' id='word_1_242' title='bbox 543 2987 669 3058; x_wconf 88' lang='lat' dir='ltr'><strong>appulsis</strong></span> <span class='ocrx_word' id='word_1_243' title='bbox 692 2989 733 3042; x_wconf 63' lang='grc' dir='ltr'><strong>Α*</strong></span> <span class='ocrx_word' id='word_1_244' title='bbox 806 2995 848 3045; x_wconf 90' lang='grc'><strong>10.</strong></span> <span class='ocrx_word' id='word_1_245' title='bbox 871 2990 1054 3045; x_wconf 84' lang='lat' dir='ltr'><strong>macrocefali</strong></span> <span class='ocrx_word' id='word_1_246' title='bbox 1077 2992 1105 3044; x_wconf 91' lang='lat' dir='ltr'><strong><em>A</em></strong></span> 
     </span>
     <span class='ocr_line' id='line_1_32' title="bbox 127 3053 1070 3116; baseline 0.007 -8"><span class='ocrx_word' id='word_1_247' title='bbox 127 3054 248 3109; x_wconf 86' lang='lat' dir='ltr'><strong>discheri</strong></span> <span class='ocrx_word' id='word_1_248' title='bbox 260 3055 289 3109; x_wconf 89' lang='lat' dir='ltr'><strong><em>A</em></strong></span> <span class='ocrx_word' id='word_1_249' title='bbox 303 3053 417 3110; x_wconf 88' lang='lat' dir='ltr'><strong>Bechiri</strong></span> <span class='ocrx_word' id='word_1_250' title='bbox 434 3055 545 3111; x_wconf 82' lang='lat' dir='ltr'><strong>Vossius</strong></span> <span class='ocrx_word' id='word_1_251' title='bbox 582 3065 622 3112; x_wconf 89' lang='lat'><strong>11.</strong></span> <span class='ocrx_word' id='word_1_252' title='bbox 638 3059 743 3112; x_wconf 87' lang='lat' dir='ltr'><strong>buxedi</strong></span> <span class='ocrx_word' id='word_1_253' title='bbox 759 3061 787 3113; x_wconf 88' lang='lat' dir='ltr'><strong><em>A</em></strong></span> <span class='ocrx_word' id='word_1_254' title='bbox 800 3059 904 3114; x_wconf 85' lang='lat' dir='ltr'><strong>Buxeri</strong></span> <span class='ocrx_word' id='word_1_255' title='bbox 923 3060 1070 3116; x_wconf 76' lang='lat' dir='ltr'><strong>Vodlouus</strong></span> 
     </span>
     <span class='ocr_line' id='line_1_33' title="bbox 91 3125 1106 3200; baseline 0.005 -18"><span class='ocrx_word' id='word_1_256' title='bbox 91 3129 136 3182; x_wconf 85' lang='lat' dir='ltr'><strong>act</strong></span> <span class='ocrx_word' id='word_1_257' title='bbox 153 3127 195 3180; x_wconf 90' lang='lat' dir='ltr'><strong>A¹</strong></span> <span class='ocrx_word' id='word_1_258' title='bbox 214 3127 243 3180; x_wconf 89' lang='lat' dir='ltr'><strong>et</strong></span> <span class='ocrx_word' id='word_1_259' title='bbox 256 3125 298 3180; x_wconf 68' lang='grc' dir='ltr'><strong>Α2</strong></span> <span class='ocrx_word' id='word_1_260' title='bbox 354 3133 395 3181; x_wconf 90' lang='grc'><strong>11.</strong></span> <span class='ocrx_word' id='word_1_261' title='bbox 412 3133 453 3183; x_wconf 90' lang='grc'><strong>12.</strong></span> <span class='ocrx_word' id='word_1_262' title='bbox 474 3126 606 3180; x_wconf 76' lang='lat' dir='ltr'><strong>inlustres</strong></span> <span class='ocrx_word' id='word_1_263' title='bbox 621 3129 662 3182; x_wconf 87' lang='lat' dir='ltr'><strong>A²</strong></span> <span class='ocrx_word' id='word_1_264' title='bbox 680 3128 804 3184; x_wconf 87' lang='lat' dir='ltr'><strong>illustres</strong></span> <span class='ocrx_word' id='word_1_265' title='bbox 823 3129 865 3184; x_wconf 74' lang='lat' dir='ltr'><strong>A’</strong></span> <span class='ocrx_word' id='word_1_266' title='bbox 920 3137 963 3186; x_wconf 89' lang='grc'><strong>12.</strong></span> <span class='ocrx_word' id='word_1_267' title='bbox 982 3132 1106 3200; x_wconf 85' lang='lat' dir='ltr'><strong>bosporo</strong></span> 
     </span>
     <span class='ocr_line' id='line_1_34' title="bbox 90 3196 1104 3270; baseline 0.006 -18"><span class='ocrx_word' id='word_1_268' title='bbox 90 3200 129 3252; x_wconf 86' lang='lat' dir='ltr'><strong>A¹</strong></span> <span class='ocrx_word' id='word_1_269' title='bbox 141 3197 285 3268; x_wconf 89' lang='lat' dir='ltr'><strong>bosphoro</strong></span> <span class='ocrx_word' id='word_1_270' title='bbox 298 3197 341 3252; x_wconf 76' lang='lat' dir='ltr'><strong>A²</strong></span> <span class='ocrx_word' id='word_1_271' title='bbox 396 3204 438 3252; x_wconf 82' lang='lat'><strong>14.</strong></span> <span class='ocrx_word' id='word_1_272' title='bbox 454 3196 595 3253; x_wconf 85' lang='lat' dir='ltr'><strong>adtollens</strong></span> <span class='ocrx_word' id='word_1_273' title='bbox 609 3199 650 3252; x_wconf 89' lang='lat' dir='ltr'><strong>A¹</strong></span> <span class='ocrx_word' id='word_1_274' title='bbox 664 3199 797 3254; x_wconf 87' lang='lat' dir='ltr'><strong>attollens</strong></span> <span class='ocrx_word' id='word_1_275' title='bbox 815 3199 857 3253; x_wconf 53' lang='grc' dir='ltr'><strong>Αἢ</strong></span> <span class='ocrx_word' id='word_1_276' title='bbox 912 3207 954 3256; x_wconf 87' lang='grc'><strong>16.</strong></span> <span class='ocrx_word' id='word_1_277' title='bbox 974 3201 1049 3270; x_wconf 89' lang='lat' dir='ltr'><strong>quod</strong></span> <span class='ocrx_word' id='word_1_278' title='bbox 1062 3203 1104 3258; x_wconf 87' lang='lat' dir='ltr'><strong>A¹</strong></span> 
     </span>
     <span class='ocr_line' id='line_1_35' title="bbox 91 3267 1104 3342; baseline 0.004 -18"><span class='ocrx_word' id='word_1_279' title='bbox 91 3285 143 3338; x_wconf 89' lang='lat' dir='ltr'><strong>quo</strong></span> <span class='ocrx_word' id='word_1_280' title='bbox 160 3269 202 3323; x_wconf 61' lang='lat' dir='ltr'><strong>Aa</strong></span> <span class='ocrx_word' id='word_1_281' title='bbox 276 3274 317 3325; x_wconf 88' lang='lat'><strong>18.</strong></span> <span class='ocrx_word' id='word_1_282' title='bbox 337 3267 413 3342; x_wconf 81' lang='lat' dir='ltr'><strong>(sc)¹</strong></span> <span class='ocrx_word' id='word_1_283' title='bbox 431 3269 474 3324; x_wconf 77' lang='lat' dir='ltr'><strong>A⁹</strong></span> <span class='ocrx_word' id='word_1_284' title='bbox 546 3275 589 3324; x_wconf 87' lang='grc'><strong>22.</strong></span> <span class='ocrx_word' id='word_1_285' title='bbox 610 3269 688 3339; x_wconf 87' lang='lat' dir='ltr'><strong>caspi</strong></span> <span class='ocrx_word' id='word_1_286' title='bbox 710 3269 739 3324; x_wconf 96' lang='lat' dir='ltr'><strong><em>A</em></strong></span> <span class='ocrx_word' id='word_1_287' title='bbox 811 3277 853 3325; x_wconf 88' lang='grc'><strong>22.</strong></span> <span class='ocrx_word' id='word_1_288' title='bbox 874 3277 916 3327; x_wconf 87' lang='grc'><strong>23.</strong></span> <span class='ocrx_word' id='word_1_289' title='bbox 941 3273 1053 3328; x_wconf 89' lang='lat' dir='ltr'><strong>caucasi</strong></span> <span class='ocrx_word' id='word_1_290' title='bbox 1075 3276 1104 3328; x_wconf 88' lang='lat' dir='ltr'><strong><em>A</em></strong></span> 
     </span>
     <span class='ocr_line' id='line_1_36' title="bbox 142 3339 1104 3410; baseline 0.006 -16"><span class='ocrx_word' id='word_1_291' title='bbox 142 3347 183 3395; x_wconf 83' lang='grc'><strong>23.</strong></span> <span class='ocrx_word' id='word_1_292' title='bbox 203 3339 343 3409; x_wconf 75' lang='lat' dir='ltr'><strong>adpositis</strong></span> <span class='ocrx_word' id='word_1_293' title='bbox 362 3340 405 3394; x_wconf 86' lang='lat' dir='ltr'><strong>A¹</strong></span> <span class='ocrx_word' id='word_1_294' title='bbox 423 3339 563 3410; x_wconf 90' lang='lat' dir='ltr'><strong>appositis</strong></span> <span class='ocrx_word' id='word_1_295' title='bbox 582 3340 624 3394; x_wconf 76' lang='lat' dir='ltr'><strong>A²</strong></span> <span class='ocrx_word' id='word_1_296' title='bbox 678 3346 720 3396; x_wconf 76' lang='grc'><strong>24.</strong></span> <span class='ocrx_word' id='word_1_297' title='bbox 740 3340 776 3393; x_wconf 88' lang='lat' dir='ltr'><strong>ad</strong></span> <span class='ocrx_word' id='word_1_298' title='bbox 795 3341 835 3395; x_wconf 85' lang='lat' dir='ltr'><strong>A¹</strong></span> <span class='ocrx_word' id='word_1_299' title='bbox 855 3342 939 3398; x_wconf 74' lang='lat' dir='ltr'><strong>atA²</strong></span> <span class='ocrx_word' id='word_1_300' title='bbox 993 3345 1104 3400; x_wconf 77' lang='lat' dir='ltr'><strong>clitoris</strong></span> 
     </span>
     <span class='ocr_line' id='line_1_37' title="bbox 90 3409 1103 3481; baseline 0.009 -18"><span class='ocrx_word' id='word_1_301' title='bbox 90 3411 130 3464; x_wconf 83' lang='lat' dir='ltr'><strong>A²</strong></span> <span class='ocrx_word' id='word_1_302' title='bbox 146 3409 238 3466; x_wconf 87' lang='lat' dir='ltr'><strong>litoris</strong></span> <span class='ocrx_word' id='word_1_303' title='bbox 261 3411 302 3466; x_wconf 80' lang='lat' dir='ltr'><strong>A²</strong></span> <span class='ocrx_word' id='word_1_304' title='bbox 376 3419 419 3468; x_wconf 86' lang='grc'><strong>26.</strong></span> <span class='ocrx_word' id='word_1_305' title='bbox 438 3411 544 3481; x_wconf 83' lang='lat' dir='ltr'><strong>ignaris</strong></span> <span class='ocrx_word' id='word_1_306' title='bbox 569 3427 640 3480; x_wconf 88' lang='lat' dir='ltr'><strong>quae</strong></span> <span class='ocrx_word' id='word_1_307' title='bbox 658 3412 686 3466; x_wconf 91' lang='lat' dir='ltr'><strong><em>A</em></strong></span> <span class='ocrx_word' id='word_1_308' title='bbox 705 3410 813 3481; x_wconf 75' lang='lat' dir='ltr'><strong>ignaris</strong></span> <span class='ocrx_word' id='word_1_309' title='bbox 831 3430 887 3481; x_wconf 91' lang='lat' dir='ltr'><strong>qua</strong></span> <span class='ocrx_word' id='word_1_310' title='bbox 904 3433 925 3470; x_wconf 82' lang='lat' dir='ltr'><strong>re</strong></span> <span class='ocrx_word' id='word_1_311' title='bbox 997 3422 1039 3472; x_wconf 82' lang='grc'><strong>21.</strong></span> <span class='ocrx_word' id='word_1_312' title='bbox 1059 3421 1103 3472; x_wconf 86' lang='grc'><strong>28.</strong></span> 
     </span>
     <span class='ocr_line' id='line_1_38' title="bbox 88 3480 524 3554; baseline 0 -18"><span class='ocrx_word' id='word_1_313' title='bbox 88 3480 241 3551; x_wconf 86' lang='lat' dir='ltr'><strong>adpellassc</strong></span> <span class='ocrx_word' id='word_1_314' title='bbox 255 3483 295 3536; x_wconf 87' lang='lat' dir='ltr'><strong>A¹</strong></span> <span class='ocrx_word' id='word_1_315' title='bbox 311 3483 469 3554; x_wconf 87' lang='lat' dir='ltr'><strong>appellasse</strong></span> <span class='ocrx_word' id='word_1_316' title='bbox 483 3481 524 3536; x_wconf 67' lang='grc' dir='ltr'><strong>Α2</strong></span> 
     </span>
    </p>
   </div>
   <div class='ocr_carea' id='block_1_5' title="bbox 0 0 1310 4072">
    <p class='ocr_par' dir='ltr' id='par_1_8' title="bbox 0 0 1310 4072">
     <span class='ocr_line' id='line_1_39' title="bbox 0 0 1310 4072; baseline 0 5"><span class='ocrx_word' id='word_1_317' title='bbox 0 0 1310 4072; x_wconf 95' lang='lat' dir='ltr'><strong> </strong></span> 
     </span>
    </p>
   </div>
  </div>
 </body>
</html>
