2610 4072
211 233 255 298 64
556 229 736 286 POMPONII
753 229 877 284 Munna

211 395 276 480 ipsi
299 394 333 459 in
355 394 490 480 pelagus
514 415 554 458 cr
573 396 662 458 certa
680 413 760 477 rupe
782 392 975 476 praccipites
994 392 1080 457 dant
1125 393 1172 458 id
1204 395 1258 460 eis

159 500 194 551 38
213 485 309 550 funus
342 482 496 549 eximium
527 484 588 546 est.
636 503 726 546 mare
759 479 914 565 Caspium
946 484 983 546 ut
1010 485 1162 566 angusto
1203 484 1257 548 ita

212 575 309 658 longo
343 572 441 637 etiam
472 569 557 634 freto
589 570 732 652 primum
767 573 871 634 terras
905 569 999 652 quasi
1030 569 1159 636 fluvius
1202 573 1256 636 in·

211 660 346 743 rumpit,
376 661 473 742 atque
500 658 558 722 ubi
585 662 674 724 recto
702 658 797 723 alveo
823 657 953 722 influxit
980 658 1015 722 in
1041 662 1111 723 tres
1145 659 1253 725 sinus

214 746 417 813 diffunditur:
445 751 560 812 contra
587 769 623 813 os
651 748 759 831 ipsum
781 744 817 810 iu
839 744 1054 831 Hyrcanium,
1082 747 1129 811 ad
1162 748 1250 812 sini-

213 839 316 901 stram
338 835 373 900 in
393 832 588 919 Scythicum,
611 835 653 901 ad
671 835 818 901 dextram
836 834 871 912 in
889 855 963 898 eum
981 855 1078 918 quem
1096 839 1247 920 proprie

212 924 314 989 totius
338 924 469 990 nomine
487 921 641 1008 Caspium
661 923 843 1008 adpellant3
868 942 964 987 omne
983 927 1076 988 atrox
1095 945 1247 990 saevum

214 1013 284 1078 sine
305 1013 471 1098 portibus,
497 1013 651 1096 procellis
674 1011 814 1095 undique
838 1011 1034 1096 expositum,
1062 1033 1101 1076 ac
1128 1013 1246 1078 beluis

214 1099 1015 1272 uitiauit⁶tti⁰itt¹tttittttt
1030 1101 1258 1255 utitis

163 1296 196 1344 39
216 1280 276 1344 bus
304 1277 455 1343 insident.
505 1276 593 1341 intus
621 1279 697 1341 sunt
725 1275 767 1340 ad
794 1273 950 1360 Caspium
981 1277 1090 1343 sinum
1119 1275 1243 1363 Caspii

215 1369 249 1431 et
280 1364 462 1430 Amazones
495 1363 551 1428 sed
583 1385 663 1450 quas
696 1362 940 1430 Sauromatidas
973 1365 1162 1450 adpellant,
1204 1369 1241 1432 ad

215 1453 417 1536 Hyrcanium
440 1451 562 1516 Albani
586 1457 619 1517 et
640 1452 767 1518 Moschi
791 1457 825 1520 et
841 1451 993 1538 Hyrcani,
1018 1454 1054 1518 in
1075 1451 1239 1538 Scythico

203 1540 353 1606 ·Amardi
375 1544 409 1607 et
430 1540 552 1606 Pestici
575 1544 609 1606 et
631 1541 697 1606 iam
722 1541 763 1606 ad
785 1541 906 1607 fretum
925 1541 1089 1607 Derbices.
1137 1546 1238 1609 multi

216 1632 251 1696 in
284 1653 322 1696 eo
355 1630 428 1695 sinu
457 1631 570 1715 magui
601 1629 758 1715 parvique
792 1651 902 1695 amnes
934 1629 1051 1714 fluunt,
1083 1630 1145 1696 sed
1183 1633 1236 1718 qui
1250 1653 1259 1687 1·

216 1720 339 1785 famam
366 1718 488 1784 habeat
515 1740 569 1781 aa*
597 1741 635 1784 ex
664 1716 820 1786 Ceraunis
848 1718 1014 1784 montibus
1043 1739 1109 1784 uuo
1143 1721 1237 1786 alveo

162 1825 198 1876 40
217 1808 398 1893 descendit,
433 1806 559 1872 duobus
592 1808 659 1873 exit
691 1809 726 1872 in
759 1805 921 1890 Caspium.
975 1805 1099 1872 Areum
1133 1807 1236 1874 Tauri

216 1896 318 1961 latera
338 1895 506 1980 demissus,
525 1896 632 1980 quoad
651 1916 783 1979 campos
801 1893 976 1962 Armeniae
995 1899 1092 1979 secat,
1110 1896 1236 1962 labitur

215 1982 362 2067 placidus
386 1986 420 2046 et
442 1983 551 2064 silens,
573 2004 677 2066 neque
700 1983 736 2046 in
753 1986 861 2047 utram
884 1989 1015 2066 partem
1034 1987 1095 2067 eat,
1117 2005 1236 2067 quam·

217 2092 315 2154 quam
338 2069 505 2152 intuearis,
527 2070 733 2153 manifestum
757 2091 830 2134 cum
852 2071 888 2134 in
911 2072 1079 2155 asperiora
1100 2071 1253 2140 devenio

216 2158 293 2224 hinc
316 2161 413 2242 atqua
435 2155 527 2222 illinc
544 2156 679 2242 rupibus
697 2179 839 2243 pressus,
862 2167 895 2225 et
918 2164 1039 2244 quanto
1063 2163 1237 2245 angustior

216 2251 310 2313 tanto
338 2245 445 2332 magis
475 2247 591 2331 pernix
622 2245 747 2333 frangit
779 2269 813 2312 se
841 2248 977 2313 subinde
1009 2249 1049 2313 ad
1082 2252 1236 2333 opposita

218 2337 370 2420 cautium,
394 2339 491 2420 atque
510 2335 553 2400 ob
575 2335 610 2402 id
628 2337 846 2421 ingenticum
866 2359 1029 2403 murmure
1049 2359 1234 2424 souausque

218 2425 408 2510 devolvitur,
431 2424 511 2491 adeo
530 2425 614 2527 citus
637 2430 675 2490 ut
693 2447 759 2528 qua
780 2447 820 2490 ex
841 2426 1012 2510 praecipiti
1035 2426 1070 2490 in
1088 2425 1234 2494 subiecta

218 2512 1013 2686 {tuttitttittftttttgttttit
1029 2513 1254 2672 titiis·

219 2686 670 2859 timuisitis?
679 2688 958 2843 iustiti}
971 2690 1234 2863 it‘itattt

1225 2833 1232 2865 t

291 2940 315 2991 1.
334 2929 484 3003 praecipiti
497 2929 526 2985 A
543 2930 713 3002 praecipites
730 2949 751 2988 a
805 2939 831 2988 3,
850 2940 875 2990 4.
895 2933 1031 3006 inrumpit
1050 2934 1091 2989 A¹
1104 2934 1232 3008 irrumpit

219 3003 259 3059 A’
333 3012 358 3060 6.
378 3009 402 3060 7.
419 3000 623 3072 proprietatius
641 3002 683 3057 A¹
701 3003 814 3074 proprie
832 3004 920 3060 totius
934 3005 974 3061 A¹
993 3007 1025 3062 ia
1042 3008 1162 3078 margine
1265 3053 1266 3076 p

221 3083 246 3131 7.
260 3073 382 3130 nominis
396 3073 423 3128 A
439 3073 552 3127 nomine
571 3071 716 3130 Vedianas
768 3074 914 3145 adpellant
927 3076 969 3131 A¹
983 3076 1127 3147 appellant
1138 3078 1180 3131 A¹

221 3152 246 3201 8.
265 3145 377 3216 beluffrs
390 3144 418 3199 A
475 3150 516 3200 12.
535 3143 683 3214 adpellant
696 3145 737 3200 A¹
756 3146 903 3215 appellant
920 3145 961 3201 A'
1035 3153 1076 3203 13.
1094 3147 1188 3202 mochi
1205 3153 1231 3204 A

219 3214 330 3269 Moschi
351 3215 497 3270 Barbarus
575 3220 616 3271 14.
640 3214 748 3272 amerdi
769 3217 798 3271 A
825 3217 941 3272 Amardi
962 3236 983 3275 a
1058 3217 1230 3276 dcbricesA

219 3283 386 3340 Derbicesc
442 3291 482 3342 16.
497 3284 622 3340 habeant
634 3287 675 3341 A¹
693 3286 800 3342 habeat
812 3285 852 3341 A'
902 3295 966 3360 post
983 3288 1089 3344 habeat
1100 3294 1230 3348 sonnatio

220 3355 253 3410 de
273 3354 341 3411 Caso
359 3361 408 3410 aut
430 3357 463 3411 dc
481 3355 592 3412 Albano
614 3358 689 3412 dictu
706 3358 875 3415 intercidisse
892 3361 1029 3427 amatur,
1048 3361 1083 3427 cs.
1101 3359 1171 3414 Piia.
1193 3363 1229 3417 Ν,

220 3425 260 3482 H.
278 3423 328 3494 VI,
347 3429 392 3492 13,
407 3431 443 3481 39
499 3432 539 3483 17.
555 3432 619 3507 post
633 3425 765 3497 Caspium
778 3429 940 3500 icterpiami
993 3436 1035 3486 20.
1050 3429 1081 3484 in
1093 3431 1229 3500 asperiora

221 3495 262 3551 A¹
280 3497 398 3566 exemia
416 3497 514 3552 liticri'a
533 3511 657 3566 spenora
728 3503 771 3556 23.
791 3499 876 3568 atque
894 3501 934 3555 A¹
953 3516 1021 3557 corr.
