2610 4072
232 241 275 306 14
573 235 895 293 1011101111111111

229 405 318 470 turia
340 400 562 468 Maenorenon
590 402 622 466 et
646 398 771 469 Coloba
792 397 971 467 Philoteris
1003 402 1038 464 et
1062 397 1272 482 Ptolemais,

230 493 318 560 ultra
332 490 472 556 Arsinoii
491 492 525 554 et
542 489 608 554 alia
622 487 788 570 Berenice,
806 491 878 554 turn
892 488 976 552 silva
988 507 1072 571 quae
1086 487 1270 554 hebenum

231 581 411 663 odoresque
442 581 591 663 generat,
624 581 658 642 et
689 599 789 643 manu
819 575 925 642 factus
958 575 1079 658 amnis,
1111 576 1272 662 ideoque

175 687 211 737 81
230 668 419 736 referendus
438 665 525 750 quod
544 687 583 730 ex
600 665 674 732 Nili
691 665 785 730 alveo
804 664 940 749 dioryge
958 664 1132 731 adductus.
1174 672 1272 732 extra

231 759 355 840 sinum,
396 777 509 820 verum
553 755 589 818 in
636 753 721 818 flexu
765 757 878 821 tamen
924 753 1107 820 etiamnum
1160 753 1262 822 Rubri

230 845 331 910 maris
355 865 431 928 pars
454 843 570 908 bestiis
593 842 713 908 infesta
735 842 871 926 ideoque
890 841 1019 908 deserta
1041 845 1103 924 est,
1128 848 1260 926 partem

231 933 376 998 Panchai
401 932 566 1014 habitant,
594 931 631 996 hi
658 951 739 1015 qnos
763 951 803 996 ex
828 930 917 996 facto
940 929 1019 1012 quia
1037 934 1258 1013 serpentibus

231 1025 407 1088 vescuntur
421 983 657 1105 Ophiophagos
671 1022 797 1086 vocant
829 1018 919 1084 fuere
933 1018 1070 1086 interius
1085 1018 1258 1105 Pygmaei

232 1113 394 1177 minutum
407 1130 520 1196 genus,
539 1113 573 1174 et
586 1108 672 1193 quod
685 1130 745 1191 pro
764 1108 845 1172 satis
858 1107 1008 1191 frugibus
1022 1110 1145 1172 contra
1170 1132 1258 1196 grues

175 1217 213 1266 82
233 1199 415 1267 dimicando
434 1197 560 1262 defecit
598 1199 675 1262 sunt
692 1197 796 1260 multa
814 1195 984 1260 volucrum
997 1195 1106 1262 multa
1125 1218 1257 1284 serpen

232 1289 317 1354 tium
334 1308 468 1373 genera:
492 1286 531 1350 de
551 1284 756 1368 serpentibus
775 1283 978 1360 memorandi
996 1283 1156 1372 maxime,
1187 1309 1256 1372 quos

232 1397 352 1460 parvos
390 1373 564 1442 admodum
600 1375 634 1437 et
669 1373 786 1436 veneni
825 1372 1007 1456 praesentis
1043 1376 1139 1440 certo
1191 1376 1256 1441 anni

231 1468 380 1546 tempore
402 1483 442 1525 ex
464 1460 544 1527 limo
568 1463 791 1528 concretarum
818 1460 987 1544 paludium
1010 1482 1205 1548 emergere,
1231 1465 1254 1528 iu

232 1571 353 1635 magno
378 1550 526 1616 examine
548 1551 698 1615 volantes
717 1548 907 1634 Aegyptum
929 1548 1071 1632 bendere,
1096 1554 1254 1637 atquem

232 1640 305 1724 ipso
329 1639 466 1706 introitu
488 1638 601 1704 finium
625 1639 668 1704 ab
696 1639 810 1704 avibus
839 1659 919 1722 quas
948 1637 1053 1702 ibides
1082 1642 1253 1725 appellant

233 1729 369 1795 adverso
394 1729 523 1814 agmine
547 1727 652 1812 excipi
675 1747 851 1811 pugnaque
874 1726 991 1792 confici
1013 1725 1182 1796 traditrrm
1206 1735 1253 1795 est

177 1833 214 1883 83
234 1818 273 1884 de
304 1819 491 1884 volucribus
522 1817 695 1900 praecipue
726 1814 895 1880 referenda
927 1814 1091 1900 Phoenix,
1131 1840 1253 1903 semper

233 1907 344 1990 unica;
373 1928 440 1971 non
467 1905 554 1970 enim
582 1905 671 1970 coitu
698 1904 877 1987 concipitur
903 1905 1041 1986 partuve
1069 1912 1252 1989 generatm,

234 1995 293 2060 sed
311 1994 368 2058 ubi
387 1994 640 2077 quingentorum
660 2013 819 2058 annorum
837 2013 917 2058 aevo
938 1996 1098 2076 perpetua
1115 1994 1254 2077 duravit

235 2103 332 2165 super
361 2084 593 2165 exaggeratam
619 2081 719 2148 variis
752 2079 907 2146 odoribus
936 2083 1058 2146 struem
1090 2081 1152 2148 sibi
1180 2084 1268 2166 ipsa!

177 2187 216 2237 84
235 2169 368 2236 incubat
395 2168 610 2255 solutusque,
641 2168 716 2235 dein
747 2169 1004 2253 putrescentium
1031 2169 1252 2236 membrorum

234 2259 312 2326 tabe
335 2279 545 2327 concrescens
573 2259 646 2342 ipsa
670 2279 705 2323 se
727 2258 868 2341 concipit
895 2260 993 2343 atque
1016 2280 1057 2324 er
1081 2281 1120 2322 se
1141 2281 1250 2326 rursus

234 2349 424 2415 renascitur.
457 2369 530 2414 cum
550 2347 701 2432 adolevit,
720 2369 796 2413 orsa
814 2347 947 2430 pristini
965 2347 1110 2430 corporis
1129 2347 1250 2416 inclusa

234 2460 346 2504 murra
364 2436 550 2522 Aegyptum
574 2439 733 2521 exportat,
756 2439 790 2501 et
812 2436 847 2500 in
868 2436 950 2502 urbe
973 2457 1072 2520 quem
1091 2433 1185 2504 Solis
1208 2439 1249 2505 ad·

234 2527 361 2611 pellant
386 2526 598 2610 flagrantibus
631 2546 707 2592 arae
734 2524 840 2590 bustis
867 2523 1010 2589 inferens
1041 2529 1265 2594 memorandus

235 2615 350 2680 funere
374 2616 551 2680 consecrat
596 2613 706 2696 ipsum
729 2613 990 2696 promunturium
1017 2633 1082 2696 quo
1104 2613 1141 2682 id
1167 2637 1247 2684 mare

196 2701 376 2831 qcluditur
391 2701 579 2852 11111111υηῖ1
603 2699 742 2852 saltilpus
766 2701 889 2852 inffm
902 2705 972 2809 ..⁹⁸i·

178 2844 217 2895 ⁸⁶
236 2787 1252 2966 quamAlililddipedinllotdimliituedidpleddieihstilhhdliiamliirphh

310 3092 334 3141 1.
358 3086 465 3142 collaca
487 3086 515 3141 A
540 3084 646 3140 Coloba
672 3085 784 3143 Vossius
858 3085 959 3157 pbilop
960 3086 1029 3142 teris
1052 3086 1080 3142 A
1103 3087 1254 3146 Philoteris

236 3156 385 3214 Barbarae
437 3155 571 3283 piomalis
585 3157 613 3212 A
626 3156 778 3214 Ptolemais
791 3105 959 3214 Barbasasp
992 3163 1017 3215 4.
1035 3156 1272 3218 referundusA

236 3227 399 3284 referendus
413 3229 441 3284 A
509 3234 617 3284 5veru
630 3229 672 3282 A¹
686 3227 838 3283 verumA²
888 3228 975 3284 etiam
988 3245 1047 3284 non
1062 3229 1090 3284 A
1105 3229 1272 3288 etiamnum

237 3299 391 3356 Parmam
468 3297 636 3355 rodoma
663 3300 692 3354 A
719 3298 825 3358 defecit
846 3316 867 3354 a
945 3306 987 3355 11.
1015 3301 1206 3358 memorandis
1233 3289 1272 3370 Al

236 3370 437 3426 memorandis
485 3377 526 3426 13.
541 3369 689 3451 paludium
702 3371 780 3426 siuA
818 3377 858 3426 15.
874 3371 1013 3440 quaA¹q
1013 3369 1114 3426 uasA¹
1165 3372 1255 3429 ibidas

235 3440 278 3495 A¹
300 3456 370 3495 corr
442 3440 630 3496 renascitur
653 3440 694 3496 A¹
717 3439 874 3496 renascitur
892 3441 934 3498 A⁸
993 3389 1049 3498 <115.
1068 3441 1254 3502 arcbiobnstis

235 3513 264 3566 A
279 3509 421 3579 (litterae
412 3527 441 3566 10
455 3513 520 3568 add.
539 3511 591 3581 A³)
612 3527 676 3566 arae
690 3511 782 3566 bustis
796 3514 897 3582 scripsi
