2610 4072
404 233 585 292 CHOROGR.
604 233 645 289 III
663 236 772 304 (1-11)
1048 235 1090 300 57

71 420 93 462 a
128 397 213 462 mari
244 396 399 482 grandem
436 397 543 464 lacum
573 397 652 462 fecit
683 397 777 482 quasi
800 419 854 499 ‘ex
884 418 969 462 noro
1000 396 1092 462 fonte

70 485 1094 658 {ababtibus..llttttttttlltlt?..1211

68 663 261 746 provinciae
288 662 480 747 inflectitur,
507 683 644 747 cumque
671 684 773 746 parva
800 662 920 747 oppida
947 660 1094 745 Olintigi,

39 750 250 835 eOnclappa
273 751 477 836 contingunt.
523 753 558 814 at
580 749 749 816 Lusitania
771 755 862 816 bans
885 750 1006 834 Anam,
1030 769 1130 834 quac

71 861 168 904 mare
191 837 398 903 Atlanticum
426 841 565 922 spectat,
592 838 734 922 primum
761 839 885 924 ingenti
911 838 1036 923 impetu
1059 838 1094 902 in

73 928 183 991 altum
212 926 295 1010 abit,
327 926 401 990 dein
432 925 559 991 resistit
591 947 629 992 ac
661 947 695 990 se
727 927 834 1011 magis
866 927 965 991 etiam
997 948 1094 1011 quam

72 1013 214 1080 Baetica
241 1012 382 1079 abducit.
428 1035 493 1097 qua
519 1015 683 1099 prominet
706 1015 756 1080 bis
779 1015 814 1080 in
838 1018 941 1079 semet
963 1017 1128 1099 receptor

44 1163 46 1167 .
74 1103 163 1167 mari
180 1101 216 1166 in
233 1103 298 1166 tria
316 1102 542 1186 promunturia
561 1102 772 1188 dispergiturz
790 1101 883 1166 Anac
901 1103 1094 1187 proximum,

27 1209 58 1246 10
74 1190 156 1274 quia
183 1191 253 1256 lata
280 1190 355 1256 sede
378 1212 571 1275 procurrens
599 1190 759 1275 paulatim
783 1213 818 1257 ss
841 1211 879 1256 ac
906 1212 965 1255 sua
990 1192 1095 1255 latera

73 1279 226 1364 fastigat,
249 1275 378 1344 Cuneus
402 1298 481 1363 agar
504 1278 633 1363 dicitur,
656 1301 795 1363 sequens
815 1277 946 1344 Sacrum
969 1281 1095 1362 vocant,

74 1366 234 1451 Magnum
262 1367 348 1451 quod
374 1366 511 1432 ulterius
544 1370 603 1433 est.
653 1368 687 1432 iu
716 1365 825 1434 Cuneo
855 1370 931 1432 sunt
957 1365 1094 1451 Myrtili,

75 1454 197 1539 Balsa,
234 1453 422 1534 Ossonoba,
463 1455 498 1520 in
535 1453 634 1521 Sacro
670 1455 871 1540 Laccobriga
908 1460 941 1520 ct
976 1455 1094 1520 Portus

75 1541 285 1628 Hannibalis,
306 1543 342 1606 in
364 1541 486 1628 Magno
509 1542 630 1609 Ebora.
676 1545 765 1609 sinus
789 1545 964 1609 intersunt:
988 1547 1021 1608 et
1044 1547 1130 1609 esta

31 1649 60 1688 15
75 1631 110 1694 in
129 1631 278 1716 proximo
298 1629 436 1712 Salacia,
459 1632 494 1696 in
512 1633 616 1696 altero
634 1629 787 1716 Ulisippo
810 1635 842 1696 et
859 1632 941 1714 Tagi
964 1631 1095 1710 ostium,

76 1720 183 1784 amnis
207 1739 353 1805 gemmas
373 1739 550 1802 aurumque
569 1721 767 1803 generantis.
812 1720 852 1784 ab
871 1719 924 1783 bis
942 1740 1094 1803 promun-

75 1807 172 1872 turiis
204 1807 239 1870 in
270 1806 359 1870 illam
396 1810 524 1890 partem
556 1825 639 1891 quac
675 1807 810 1872 recessit
841 1808 957 1891 ingens
993 1806 1094 1872 flexus

77 1895 236 1978 aperitur,
264 1895 424 1979 incoque
452 1899 528 1960 sunt
550 1894 686 1960 Turduli
714 1898 839 1961 veteres
862 1895 1093 1960 Turdulorum·

76 2005 139 2068 que
159 1982 289 2068 oppida,
307 2003 419 2048 amnes
438 1987 548 2048 autem
560 1982 683 2049 Munda
701 1985 736 2049 in
749 1984 892 2050 medium
905 1983 972 2049 fere
986 1984 1094 2048 ultimi

34 2089 62 2130 20
76 2071 292 2155 promunturii
314 2071 401 2137 latus
421 2071 565 2156 effluens,
588 2077 621 2137 et
643 2073 767 2138 radices
791 2073 935 2140 eiusdem
959 2073 1093 2137 adluens

77 2159 209 2224 Durius.
257 2159 347 2224 frons
377 2160 437 2225 illa
466 2160 666 2245 aliquamdiu
693 2165 816 2227 rectam
847 2161 953 2244 ripam
985 2160 1130 2244 habete

79 2247 152 2310 dcin
174 2247 302 2312 modico
320 2246 406 2312 flexu
430 2252 562 2332 accepto
581 2270 657 2313 mox
680 2249 850 2332 paululum
872 2249 1002 2332 eminet,
1024 2253 1095 2314 tum

79 2333 212 2398 reducta
242 2334 361 2398 iterum
392 2335 577 2419 iterumque
608 2343 696 2400 recto
731 2335 878 2420 margine
909 2336 1018 2399 iacens
1055 2335 1096 2399 ad

79 2421 339 2504 promunturium
381 2422 468 2507 quod
509 2420 669 2487 Celticum
711 2443 862 2488 vocamus
904 2422 1095 2488 extenditur.

40 2528 66 2568 aa
79 2514 185 2575 totam
213 2506 330 2575 Celtici
357 2511 484 2594 colunt,
510 2508 567 2576 sed
594 2533 613 2576 a
640 2509 743 2574 Durio
772 2510 812 2574 ad
839 2511 959 2576 flexum
986 2509 1095 2594 Croci,
1114 2529 1147 2578 10

79 2597 244 2682 fluuntque
267 2619 325 2681 per
348 2619 403 2664 eos
426 2598 509 2683 Avo,
532 2595 684 2683 Celadus,
707 2597 820 2684 Nabis,
841 2598 963 2664 Minius
987 2604 1020 2665 et
1044 2600 1095 2664 cui

80 2687 251 2752 oblivionis
280 2707 459 2772 cognomen
486 2692 537 2755 est
563 2687 678 2753 Limia.
722 2687 823 2753 flexus
852 2689 921 2772 ipse
948 2687 1094 2753 Lambri-

80 2796 168 2840 acam
187 2776 302 2840 urbem
322 2776 488 2860 amplexus
506 2777 624 2861 recipit
643 2775 758 2842 fluvios
776 2776 902 2842 Laeron
922 2779 955 2841 et
972 2776 1093 2842 Ullam.

80 2867 204 2945 partem
227 2883 309 2944 quae
332 2866 497 2947 prominet
519 2863 765 2931 Praesamarchi
787 2865 949 2949 habitant,
971 2885 1093 2949 perque
1113 2882 1145 2930 11

149 3073 174 3127 5.
198 3070 229 3122 at
250 3069 292 3122 A¹
319 3085 388 3125 corr.
471 3077 512 3126 12.
538 3087 625 3126 cuneo
648 3074 676 3127 A
698 3073 817 3139 (taceae
845 3088 879 3126 cu
907 3072 971 3128 cdd.
994 3071 1035 3127 A¹
1062 3074 1094 3128 a'u

81 3141 167 3196 satio
184 3143 283 3208 vocuo)
357 3147 399 3198 13.
422 3139 500 3196 balio
519 3142 547 3195 A
569 3142 654 3196 Balsa
677 3143 824 3199 Barbarus
877 3142 1043 3214 lattobrigal
1065 3143 1094 3198 A

81 3156 251 3281 Cacccbriga
272 3213 372 3292 scipsa*
444 3218 486 3267 15.
509 3211 668 3282 proximum
691 3213 719 3266 A
793 3219 834 3270 18.
854 3212 959 3268 turauli
981 3215 1010 3268 A
1027 3213 1095 3270 Tur-

83 3280 137 3334 duli
158 3298 180 3338 a
257 3287 298 3337 19.
323 3298 354 3336 m
376 3282 501 3338 medium
523 3282 582 3337 fere
609 3281 715 3336 munda
737 3285 766 3337 A
787 3282 893 3338 Munda
915 3283 946 3338 in
971 3285 1094 3340 medium

83 3350 170 3408 ierac
242 3359 283 3408 20.
304 3353 424 3408 adluens
442 3355 484 3408 A¹
502 3354 611 3408 alluens
629 3351 671 3407 A²
742 3359 785 3412 21.
805 3354 987 3427 aliquan)sdiu
1004 3357 1032 3412 A

84 3427 122 3476 25.
140 3421 231 3476 tutam
248 3425 289 3477 A¹
307 3425 398 3480 totam
412 3424 452 3478 Α·
525 3431 568 3480 27.
582 3430 625 3480 28.
640 3423 823 3480 lambriacam
837 3425 865 3480 A
881 3429 1001 3494 (litteras
1014 3443 1094 3482 acam

84 3493 142 3548 cdd.
161 3492 202 3545 A’
225 3495 257 3548 iu
278 3497 369 3564 spatio
391 3502 490 3567 ccccc)
562 3501 605 3552 28.
624 3495 716 3551 laercs
735 3497 763 3552 A
780 3496 889 3553 Laeron
912 3498 1024 3554 Vossius
