2610 4072
213 285 258 352 38
564 284 745 342 POMPONII
762 285 888 340 mann

215 451 316 516 etiam
347 473 440 534 num,
471 447 707 532 delubrumque
739 446 885 532 Olympii
916 446 1019 526 Iovis,
1056 448 1248 513 certamine

214 539 367 626 gymnico
396 542 428 604 et
456 537 617 626 singulari
645 536 834 619 sanctitate,
862 536 935 620 ipso
963 535 1093 621 quidem
1119 539 1272 624 tamen,

214 627 387 692 simulacro
429 625 514 712 quod
549 623 685 692 Phidiae
721 645 803 708 opus
845 629 895 689 est
931 625 1072 692 maxime
1111 625 1245 692 nobile.

159 729 194 780 43
214 714 388 780 Arcadiam
414 712 709 798 Peloponnesiacae
740 715 855 800 gentes
882 711 1022 798 undique
1052 713 1243 799 intingunt.

212 803 248 866 in
271 824 310 868 ea
334 805 410 870 mut
433 802 530 868 urbes
553 801 706 887 Psophis,
729 801 852 888 Tegea,
879 799 1115 884 Orchomenos,
1145 821 1261 870 mon-⁵

212 895 264 956 tes
286 891 425 976 Pholoe,
452 889 634 976 Cyllenius,
656 889 864 968 Parthenius,
887 887 1069 974 Maenalus,
1096 889 1242 956 flumina

212 976 439 1064 Erymanthus
476 983 510 1045 et
541 978 671 1062 hadom
711 979 747 1043 in
782 976 917 1044 Aetolia
948 976 1159 1063 Naupactus,
1207 982 1242 1046 in

211 1068 398 1135 Acarnania
425 1067 556 1136 Stratos
583 1068 715 1152 oppida,
746 1067 782 1132 in
809 1065 911 1151 Epiro
939 1065 1109 1133 Dodonaei
1142 1067 1240 1133 Iovis

212 1159 387 1244 templum,
414 1162 447 1222 et
473 1157 547 1222 fons
574 1155 647 1220 ideo
677 1175 780 1240 sacer,
808 1154 894 1238 quod
921 1175 994 1222 cum
1023 1155 1067 1220 sit
1090 1154 1240 1242 frigidus

213 1250 247 1312 et
270 1247 430 1312 inmersas
448 1245 536 1310 faces
559 1244 642 1307 sient
664 1243 763 1307 ceteri
782 1243 962 1328 extinguat,
985 1243 1042 1308 ubi
1064 1244 1258 1332 sineigne1

158 1347 195 1398 44
212 1337 327 1422 procul
350 1334 564 1400 admoventur
591 1328 748 1396 adcendit
794 1333 829 1396 at
852 1351 925 1396 aum
953 1331 1052 1397 litora
1076 1332 1239 1418 leguntur

212 1445 233 1486 a
264 1421 491 1506 promunturio
522 1417 660 1506 Sepiade
692 1439 750 1503 per
776 1417 969 1485 Demetrion
1001 1423 1034 1485 et
1060 1419 1174 1486 Halon
1203 1429 1237 1487 et

211 1509 349 1574 Pteleon
370 1512 405 1572 et
427 1507 578 1573 Echinon
604 1507 646 1572 ad
667 1505 871 1596 Pagasaeum
900 1509 1006 1573 sinum
1035 1529 1147 1574 cursus
1175 1516 1235 1576 est.

211 1597 267 1662 ille
292 1597 408 1661 urbem
434 1595 585 1682 Pagasan
613 1596 779 1680 amplexus
810 1617 938 1660 amnem
963 1594 1146 1680 Sperchion
1182 1621 1235 1665 ae·

212 1685 306 1770 cipit,
338 1688 371 1749 et
401 1685 478 1770 quia
504 1681 635 1769 Minyae
665 1683 821 1751 Colchida
853 1687 1000 1770 petentes
1033 1685 1108 1750 inde
1137 1685 1261 1774 Argoa

158 1789 193 1840 45
211 1795 329 1840 narem
350 1773 479 1840 solvere
499 1775 704 1839 memoratur.
751 1774 792 1839 ab
815 1793 853 1838 co
877 1773 919 1838 ad
936 1771 1073 1839 Sunium
1094 1775 1232 1842 tandm-

212 1863 300 1930 tibus
318 1862 378 1927 illa
390 1862 669 1950 praenaviganda:
687 1861 845 1926 Maliacus
865 1865 898 1926 et
910 1860 1073 1946 Opuntius
1089 1864 1230 1948 grandes

211 1951 318 2034 sinus,
351 1953 385 2014 et
417 1951 453 2015 in
483 1951 535 2016 his
567 1971 736 2015 caesorum
768 1949 867 2015 etiam
895 1949 1062 2016 Laconum
1094 1955 1232 2033 tropaea

211 2038 464 2190 Thermopylae,
488 2037 609 2122 Opods,
633 2035 791 2122 Scarpha,
814 2034 995 2124 Cnemides,
1018 2038 1137 2122 Alope,
1160 2037 1231 2104 An-

210 2126 346 2211 thedon,
406 2147 574 2208 erumnae,
600 2124 710 2210 Aulis,
736 2125 1016 2212 Agamemnoniae
1044 2125 1262 2194 Graiorum-r

212 2237 275 2302 que
297 2214 412 2280 classis
435 2215 471 2282 in
493 2213 624 2280 'l'roiam
647 2213 887 2280 coniurantium
911 2217 1026 2300 statio,
1053 2214 1233 2283 Marathon

211 2323 405 2390 magnarum
433 2303 674 2389 multarumque
696 2303 869 2368 virtutium
895 2305 992 2368 testis
1015 2304 1082 2368 iam
1109 2303 1186 2370 inde
1213 2329 1232 2371 a

157 2408 192 2459 46
211 2389 354 2478 Theseo,
390 2391 522 2458 Persica
553 2393 693 2458 maxime
730 2391 821 2458 clade
852 2395 1025 2476 pernotus,
1056 2391 1232 2460 Rhamnus

209 2501 325 2567 parva,
357 2481 505 2548 inlustris
532 2483 657 2566 tamen,
685 2481 771 2564 quod
798 2482 834 2545 in
864 2501 903 2545 ea
929 2480 1041 2545 fanum
1069 2483 1120 2545 est
1147 2479 1233 2546 Am-

208 2569 337 2656 phiarai
365 2573 398 2634 et
419 2569 576 2636 Phidiaca
603 2569 767 2653 Nemesis3
796 2568 955 2634 Thoricos
983 2572 1016 2633 et
1044 2564 1261 2637 Brauronia*

211 2658 290 2724 olim
321 2657 419 2727 mbas
451 2657 518 2722 iam
550 2660 680 2722 tantum
712 2656 855 2722 nomina.
905 2653 1041 2721 Sunium
1073 2679 1233 2744 promun-

208 2745 332 2811 turium
361 2747 427 2828 est,
459 2745 596 2830 finitque
627 2744 660 2808 id
691 2743 768 2808 litus
797 2739 955 2808 Hellados
984 2743 1069 2827 quod
1101 2752 1233 2831 spectat

282 2927 306 2974 1.
327 2916 478 2972 certamine
497 2915 539 2971 A¹
555 2931 630 2972 cora
703 2921 728 2971 6,
747 2914 825 2970 tonia
843 2917 870 2970 A
889 2916 984 2986 Tegea
1003 2917 1156 2988 Pintioaus

209 2997 234 3047 6.
254 2989 381 3059 cyllenus
399 2987 427 3041 A
447 2985 622 3057 Cylleniusu
695 2992 719 3042 7.
737 2988 878 3056 naupacto
892 2986 921 3041 A
976 2993 1018 3044 10.
1037 2988 1172 3042 inmersas
1188 2989 1233 3043 Αι
1271 3047 1272 3052 1

209 3061 354 3116 immersas
364 3056 403 3113 A¹
458 3063 500 3112 11.
514 3055 698 3111 adcenditA¹
712 3055 842 3113 accendit
851 3056 892 3111 A*
942 3063 1233 3126 laaantepromnn-
1271 3067 1272 3072 ’

208 3133 284 3188 turio
311 3131 375 3188 adel.
403 3127 446 3186 A’
521 3126 676 3182 demetrian
705 3127 733 3182 A
758 3128 923 3184 Demetrion
953 3130 1066 3186 Vossius
1139 3127 1234 3186 balon
1271 3111 1272 3168 l

207 3201 236 3259 A
254 3201 346 3257 Halon
364 3217 385 3256 a
445 3205 487 3254 15.
507 3197 638 3254 chalcida
656 3199 683 3253 A
745 3203 785 3255 1o.
804 3202 995 3255 memorantur
1011 3198 1039 3252 A
1057 3201 1272 3256 memoratur,

207 3289 224 3329 e
280 3279 323 3328 lt.
341 3269 488 3326 malliacus
502 3269 530 3323 A
586 3275 626 3327 18.
646 3273 747 3340 tropea
764 3271 792 3324 A
852 3277 893 3327 19.
912 3267 1125 3339 thermophylae
1144 3267 1171 3320 A

208 3357 289 3398 eroes
303 3341 367 3396 AO
390 3357 437 3396 ces
451 3341 598 3396 Barbarus
652 3343 756 3412 caipha
769 3341 797 3396 A
812 3341 937 3412 Scarpha
954 3341 1063 3396 Vossius
1118 3343 1160 3394 19.
1181 3347 1228 3398 20.
1271 3391 1272 3400 ,

207 3411 332 3468 antedon
443 3417 487 3467 22.
507 3411 655 3468 virtutium
672 3415 713 3469 sic
726 3413 754 3468 A
827 3418 869 3470 23.
888 3413 1004 3467 theraeo
1018 3411 1046 3465 A
1100 3410 1228 3468 themnis

208 3483 236 3540 A
259 3483 403 3538 Rhenanus
426 3483 573 3540 Barbarae
649 3489 692 3540 24.
716 3482 842 3540 inlustris
865 3483 907 3537 A¹
929 3481 1047 3538 illustria
1070 3480 1110 3536 A*
1181 3490 1226 3539 25.

208 3554 339 3628 phorieos
355 3553 383 3608 A
397 3553 533 3610 Thoricos
547 3555 694 3612 Barbarae
742 3553 880 3610 bauronia
893 3553 921 3605 A
939 3552 1094 3606 Brauronia
1113 3552 1228 3611 Vossius
