2610 4072
196 225 239 292 68
542 221 864 297 remora-numa

197 386 323 454 Gallice
333 387 483 455 armatis:
498 387 653 452 covinnos
663 389 790 472 vocant,
803 407 942 470 quorum
951 384 1086 452 falcatis
1097 388 1248 453 axibus

143 481 341 544 coutuntur.
392 497 488 560 super
519 473 724 540 Britanniam
755 474 895 540 laverna
932 477 983 540 est
1013 495 1127 558 paene
1177 499 1248 560 par
1275 519 1276 542 .

198 565 314 652 spatio,
337 564 394 630 sed
422 562 585 648 utrimque
608 563 736 648 aequali
758 566 867 629 tractu
890 563 1028 628 litorum
1050 563 1243 648 oblonga,

198 655 279 721 caeli
293 653 334 718 ad
347 651 541 717 maturanda
555 653 680 718 semina
694 651 806 736 iniqui,
824 673 938 717 verum
953 651 1032 716 adeo
1047 651 1245 718 luxuriosa

196 742 307 808 herbis
339 761 404 806 non
436 741 532 808 laetis
565 741 662 808 modo
695 740 752 806 sed
784 740 886 806 etiam
917 739 1082 823 dulcibus,
1118 744 1170 806 ut
1209 758 1261 806 sa⁵

199 830 315 914 exigua
346 833 441 913 parte
474 829 539 896 diei
571 849 690 914 pecora
720 827 895 912 impleant,
932 833 966 894 et
997 827 1062 892 nisi
1097 829 1240 914 pabulo

196 917 445 1002 prohibeantur,
477 917 600 984 diutius
627 920 723 1002 pasta
751 916 925 982 dissiliant
975 915 1125 982 cultores
1161 919 1238 984 eius

197 1007 358 1072 inconditi
377 1011 453 1072 sunt
477 1011 510 1074 et
528 1007 673 1072 omnium
691 1007 849 1070 virtutum
867 1005 974 1090 ignari
998 1005 1103 1088 macc
1123 1027 1239 1090 quam

145 1110 180 1160 ot
198 1097 283 1162 aliae
302 1099 425 1181 gentes,
442 1095 576 1180 pietatis
596 1093 768 1182 admodum
787 1098 945 1178 expertes.
979 1092 1129 1178 triginta
1150 1101 1237 1160 sunt

199 1183 340 1252 Orcades
373 1184 523 1269 angustis
555 1183 641 1247 inter
674 1204 708 1247 se
740 1181 890 1248 diductae
923 1182 1056 1266 spatiis,
1089 1188 1233 1268 septem
1244 1201 1258 1238 1¹

198 1272 386 1340 Haemodae
418 1277 532 1336 contra
564 1269 774 1336 Germaniam
805 1273 926 1336 vectae.
980 1271 1014 1336 in
1051 1270 1113 1334 illo
1155 1273 1233 1338 sinu

199 1383 296 1446 quem
310 1359 478 1426 Codanum
492 1358 632 1424 diximus
647 1358 766 1424 eximia
782 1357 979 1438 Scadinavia,
1000 1379 1100 1444 quam
1117 1360 1232 1427 adhuc

198 1449 341 1513 Teutoni
358 1450 479 1531 tenent,
498 1451 531 1512 et
549 1452 586 1513 ut
603 1446 801 1512 fecunditate
820 1448 903 1513 alias
922 1446 972 1513 ita
988 1448 1232 1531 magnitudine

146 1551 180 1602 et
199 1538 352 1602 antestat
397 1557 480 1620 quae
499 1533 658 1602 Sarmatia
678 1536 814 1603 adversa
837 1540 915 1601 sunt
937 1537 979 1601 ob
999 1535 1154 1602 alternos
1180 1561 1228 1603 ac·

199 1646 309 1692 cessus
332 1629 545 1710 recursusque
566 1625 685 1711 pelagi,
708 1629 741 1690 et
764 1623 851 1710 quod
869 1625 978 1708 spatia
1001 1624 1074 1708 quia
1095 1625 1256 1692 marmio

199 1714 295 1780 modo
319 1715 510 1798 operiuntur
531 1713 627 1780 undis
650 1713 747 1778 modo
770 1712 857 1778 nuda
875 1716 961 1798 sunt,
985 1712 1066 1778 alias
1091 1713 1227 1780 insulae

146 1819 180 1870 56
199 1803 350 1870 videntur
378 1803 460 1870 alias
487 1825 553 1868 una
586 1805 619 1868 et
651 1803 819 1868 continens
852 1805 948 1866 terra.
998 1801 1034 1866 in
1065 1800 1121 1866 his
1154 1825 1229 1869 ease

200 1891 338 1974 Oeonas,
361 1893 416 1974 qui
440 1891 509 1956 ovis
538 1890 647 1956 avium
669 1891 865 1974 palustrium
893 1894 928 1954 et
950 1889 1061 1954 avenis
1089 1893 1228 1958 tantum

201 1980 339 2061 alantur,
363 1999 434 2042 esse
453 1978 581 2060 equinis
599 1976 736 2060 pedibus
754 1976 968 2062 Hippopodas
988 1981 1021 2042 et
1039 1977 1224 2046 Panuatios

199 2065 318 2151 quibus
342 2085 479 2148 magnae
503 2086 596 2130 aures
621 2068 654 2129 et
677 2065 717 2130 ad
741 2066 949 2131 ambiendum
976 2088 1093 2150 corpus
1120 2086 1219 2131 omne
1235 2085 1255 2123 a

199 2154 331 2240 patulae
344 2153 440 2218 nudis
455 2153 600 2238 alioquin
615 2174 674 2238 pro
689 2157 779 2220 veste
794 2153 868 2238 sint,
886 2156 1225 2239 praeterquamquod

200 2242 322 2310 fabulis
345 2241 499 2327 traditur,
526 2243 612 2325 oprrd
634 2246 782 2309 auctores
806 2243 905 2309 etiam
930 2265 1010 2327 quos
1038 2242 1131 2328 sequi
1152 2264 1224 2311 non

147 2349 181 2399 57
200 2334 313 2419 pigeat
339 2331 479 2399 invenio.
524 2330 631 2416 Thyle
658 2331 833 2400 Belcarum
859 2331 952 2397 litori
980 2329 1133 2415 adposita
1160 2338 1224 2416 est,

201 2421 298 2488 Grais
326 2426 360 2487 et
386 2421 509 2488 nostris
537 2421 701 2486 celebrata
728 2421 935 2488 carminibus.
985 2421 1021 2484 in
1047 2440 1100 2504 ea,
1133 2423 1223 2504 quod

200 2511 248 2576 ibi
271 2511 321 2577 sol
343 2510 440 2596 longe
464 2531 635 2576 occasurus
659 2511 813 2595 exsurgit,
835 2509 950 2574 breves
971 2509 1084 2594 utique
1106 2515 1250 2576 noctesr

275 2723 299 2771 1.
313 2714 416 2770 armati
431 2717 458 2769 A
471 2715 586 2770 armatis
605 2717 758 2772 Piatc'cnas
787 2771 789 2776 ,
812 2723 837 2771 2.
853 2716 1026 2772 britanniam
1038 2716 1081 2772 A¹
1095 2733 1166 2773 corr.

203 2795 228 2842 3.
247 2785 374 2855 aequalis
388 2786 417 2839 A
431 2786 543 2854 aequali
556 2803 576 2841 or
648 2792 674 2843 4.
693 2792 718 2842 t.
737 2786 896 2844 luxuriosas
914 2789 1016 2844 herbas
1031 2787 1058 2843 A
1076 2789 1221 2845 luxuriosa

201 2857 335 2912 herbisc
413 2863 437 2912 6.
460 2857 693 2928 pecorumpleant
717 2859 758 2912 A¹
785 2874 889 2930 pecora
915 2858 1054 2931 impleant
1075 2859 1117 2912 A’
1195 2868 1220 2916 7.

197 2935 263 2999 poet
280 2925 423 2982 dissiliant
436 2929 613 2984 interstitium
627 2930 782 3000 qaindecim
800 2931 955 2986 littarorrca
1016 2935 1040 2985 8.
1051 2936 1115 3000 post
1127 2929 1220 3001 ignari

202 3001 267 3056 add.
290 2996 381 3067 magis
409 2998 561 3055 Pincianae
641 3007 666 3055 9.
685 3008 750 3072 post
772 3002 871 3070 gentes
899 2999 964 3058 add.
987 3002 1015 3057 A
1042 3000 1218 3069 aliquatenus

202 3072 299 3124 tamen
312 3068 394 3139 gnari
405 3073 518 3126 removit
535 3070 647 3126 Vocriae
719 3078 760 3127 10.
776 3071 912 3126 orchades
927 3072 955 3126 A
1028 3078 1070 3127 12.
1084 3073 1139 3144 <ex
1159 3073 1218 3146 iis>

201 3141 244 3196 A⁸
263 3138 365 3194 eximia
382 3143 482 3211 acapna·
535 3141 733 3215 codannoviasl
749 3143 777 3197 A
796 3141 966 3198 Scadinavia
986 3143 1168 3212 Macttcahotl'

204 3215 246 3266 15.
270 3212 340 3279 quot
353 3213 380 3266 A
394 3212 470 3280 quod
482 3228 503 3266 a
576 3219 617 3270 17.
634 3221 698 3284 post
710 3215 786 3269 terra
799 3215 977 3270 interstitiraa
995 3219 1053 3270 octo
1067 3216 1218 3272 litterarum

258 3287 299 3336 18.
319 3297 421 3336 aeneas
439 3284 468 3337 A
486 3281 596 3340 Oeonas
615 3285 744 3340 Barcina
815 3290 857 3340 19.
877 3284 1007 3341 sannalos
1021 3287 1050 3339 A
1067 3284 1215 3343 Panuatios

203 3353 330 3410 Bursian
379 3359 423 3408 21.
437 3353 514 3408 vecti
528 3356 555 3409 A
569 3356 648 3410 veste
666 3355 812 3411 Vodicmrs
866 3362 908 3410 22.
925 3356 1001 3426 apud
1014 3361 1078 3412 uerte
1091 3359 1214 3414 auctores

204 3425 267 3480 add.
299 3422 411 3479 Ouarar
444 3425 622 3481 chlrematt
707 3431 749 3481 23.
778 3426 894 3482 invento
922 3428 951 3481 A
978 3427 1090 3484 invenio
1116 3444 1131 3482 o

203 3495 350 3566 belgarum
367 3495 394 3548 A
410 3493 561 3550 Belcarum
580 3495 711 3567 chpc‘ue
783 3505 825 3553 ab.
847 3497 973 3568 exsurgit
990 3499 1032 3554 A¹
1049 3498 1156 3569 onage
1171 3501 1215 3558 A¹
1275 3531 1276 3560 l
