2610 4072
394 235 656 296 cnouccnnr
676 239 803 308 <ec-ce)
1057 239 1102 306 43

82 405 289 489 Histonium
302 403 413 470 Dauni
425 405 536 468 autem
549 399 737 465 Trifernum
751 421 889 480 amnem,
903 399 1103 486 Cliterniem,

0 524 2 529 ·
81 493 251 577 Larinum,
265 493 412 559 Teanum
425 491 557 577 oppida,
569 492 777 575 montemque
791 487 989 575 Cergnmun.
1011 490 1103 556 sinus
1122 506 1156 557 cc

0 594 1 599 ’
81 585 136 648 est
159 583 313 648 continuo
332 581 443 666 Apulo
461 580 557 645 litore
576 577 738 642 incinctus
756 579 888 644 nomine
907 576 1013 663 Urias,
1035 599 1103 644 mo·

1 691 6 716 ¹·
79 671 173 736 dicus
201 671 309 756 spatio
337 670 495 754 pleraque
522 686 785 750 asperaccessu,
813 670 905 732 entra
929 664 1103 751 Sipontum

0 774 2 778 ·
50 763 143 825 aaut
160 763 198 826 ut
213 759 294 825 Grai
311 757 421 824 dixere
440 755 619 840 Sipuntem,
639 757 671 818 et
688 754 807 819 flumen
826 755 912 840 quod
926 753 1104 821 Canusium

82 848 259 934 adtingens
282 843 437 911 Aufidum
459 843 639 930 adpellant,
665 847 743 926 post
764 842 899 908 Barium
925 847 959 909 et
981 842 1103 910 Gnatia

0 953 4 976 ¹1
83 939 119 999 et
147 935 255 1000 Ennio
288 935 358 1000 cive
388 933 518 998 nobiles
550 929 689 1015 Rudiae,
720 934 754 994 ct
783 932 852 995 iam
883 931 919 996 in
948 929 1104 998 Calabria

4 1051 5 1054 ¹
83 1022 313 1107 Brundisium,
344 1019 527 1104 Valetium,
557 1019 697 1103 Lupiae,
728 1017 860 1103 Hydrus
891 1039 1001 1104 mons,
1014 1095 1019 1104 x
1032 1024 1104 1086 tum

1 1124 5 1161 ἑ
83 1109 261 1177 Sallentini
292 1111 400 1194 campi
427 1114 462 1175 et
487 1106 670 1174 Sallentina
701 1107 801 1173 litora
832 1111 867 1173 et
893 1107 972 1173 urbs
999 1105 1103 1173 Graia

38 1219 68 1259 ιο
82 1196 263 1286 Callipolis.
313 1199 478 1283 hucusque
505 1195 642 1281 Hadria,
673 1195 840 1280 hucusque
871 1195 989 1261 Italiae
1016 1197 1102 1262 latus
1122 1213 1155 1261 6⁷

1 1302 3 1316 ²
82 1287 225 1353 alterum
252 1289 403 1372 pertinet.
448 1285 539 1350 frons
568 1287 637 1350 eius
664 1285 700 1349 in
722 1285 785 1350 duo
813 1283 943 1370 quidem
970 1306 1005 1351 se
1034 1304 1103 1350 cor-

1 1393 2 1428 t
81 1397 158 1460 uua,
182 1376 265 1441 sicut
288 1375 555 1461 supradiximus,
578 1373 712 1439 scindit:
738 1377 994 1439 ceterummare
1017 1373 1103 1458 quod

1 1509 2 1518 η
82 1464 169 1528 inter
205 1467 342 1550 utruque
378 1462 510 1528 admisit
542 1462 696 1527 tenuibus
732 1463 965 1545 promunturiis
1002 1462 1102 1528 semel

83 1553 266 1638 iterumque
289 1552 493 1637 distinguens
516 1572 584 1617 non
605 1573 670 1616 uno
694 1551 844 1634 margine
863 1551 1020 1634 circumit,
1043 1569 1103 1616 nac

38 1660 67 1700 ra
82 1641 235 1707 diffusum
270 1645 449 1725 patensque
487 1639 544 1703 sed
580 1659 638 1722 per
674 1639 764 1702 sinus
800 1639 925 1723 recipit
978 1640 1102 1722 primus
1122 1652 1155 1704 cs

82 1728 279 1793 Tarentinus
308 1728 426 1792 dicitur
452 1728 538 1791 inter
568 1726 796 1810 promunturia
823 1723 1040 1792 Sallentinum
1070 1731 1103 1791 et

82 1815 270 1900 Lacinium,
312 1817 347 1881 in
388 1835 490 1900 eoque
532 1817 609 1879 sunt
644 1813 825 1898 Tarentus,
866 1813 1102 1899 Metapontum,

82 1903 256 1989 Heraclea,
279 1901 395 1988 Croto,
425 1901 597 1968 Thuriumr
625 1902 782 1968 secundus
806 1900 990 1987 Scyllaceus
1017 1903 1103 1968 inter

81 1991 309 2076 promunturia
345 1991 515 2058 Lacinium
553 1996 586 2058 et
622 1990 833 2076 Zephyrium,
872 1991 908 2056 in
945 2011 1009 2078 quo
1051 1996 1103 2057 est

38 2099 68 2140 ao
81 2081 220 2166 Petelia,
244 2079 413 2166 Carcinus,
438 2079 657 2165 Scyllaceum,
685 2079 841 2164 Mystiae:
871 2081 990 2146 tertius
1017 2082 1102 2145 inter

83 2168 279 2252 Zephyrium
304 2173 337 2234 et
358 2169 526 2234 Bruttium
553 2166 779 2253 Consentiam,
805 2166 1015 2252 Cauloniam,
1040 2167 1101 2233 Lo-

84 2276 218 2338 crosque
242 2256 429 2322 circumdat.
474 2257 509 2321 in
531 2257 664 2321 Bruttio
687 2258 765 2320 sunt
783 2253 944 2321 Columna
965 2255 1102 2341 Rhegia,

83 2341 259 2428 Rhegium,
285 2341 410 2426 Scylla,
438 2339 637 2407 Taurianum
665 2346 698 2407 et
725 2343 919 2409 Metaurum.
964 2343 1040 2409 lrlnc
1068 2343 1102 2408 in
1121 2359 1154 2408 69
1239 2315 1246 2330 ⁸

84 2429 225 2495 Tuncuun
261 2452 350 2496 mare
387 2432 488 2497 flexus
525 2434 577 2495 est
613 2434 647 2495 et
687 2430 832 2495 eiusdem
867 2435 973 2497 terrae
1014 2433 1101 2497 letus

42 2537 70 2578 ae
84 2519 233 2604 alterum,
255 2518 431 2603 Maticana,
454 2517 657 2604 Hipponium
675 2518 813 2604 Vibore,
829 2519 974 2605 Temesa,
992 2518 1101 2588 Clam·

81 2608 187 2693 petia,
223 2607 367 2693 Blanda,
404 2607 607 2690 Buxentum,
647 2606 761 2692 Velia,
803 2607 977 2674 Palinurus
1020 2609 1100 2675 olim

82 2697 220 2782 Phrygii
233 2695 463 2784 gubernatoris
482 2717 567 2762 nunc
582 2697 644 2762 loci
658 2717 785 2781 nomen,
799 2695 980 2764 Paestanus
1000 2699 1100 2783 sinus,

153 2858 176 2905 1.
191 2851 327 2906 intonium
340 2853 368 2906 A
382 2852 544 2907 Histonium
557 2869 578 2908 n
632 2852 797 2907 claterniam
811 2853 839 2908 A
853 2853 1045 2909 Cliterniumu

82 2928 108 2976 2.
127 2919 264 2974 lucrinum
285 2923 314 2975 A
336 2921 470 2976 Larinum
491 2939 513 2978 a
585 2930 609 2978 4.
629 2923 771 2993 siponium
793 2923 822 2981 A
841 2923 990 2994 Sipontum
1007 2941 1028 2980 rc

83 2998 107 3046 5.
127 2989 261 3060 sipyllum
283 2993 311 3046 A
335 2991 482 3062 Sipuntem
505 2995 606 3064 scripsi
677 2999 702 3048 8.
724 2995 811 3066 lupae
834 2995 863 3049 A
885 2994 992 3064 Lupiae
1010 3011 1027 3050 c

84 3069 123 3120 17.
147 3059 285 3118 laciusum
310 3062 339 3116 A
417 3067 458 3118 18.
487 3064 587 3136 crotofs
603 3064 631 3120 A
684 3065 857 3133 scyllacueua
884 3065 913 3122 A
936 3063 1098 3132 Scyllaceus

82 3151 98 3189 o
150 3138 194 3190 20.
211 3132 399 3202 scyllacaeum
412 3133 440 3187 A
495 3139 537 3190 21.
552 3133 636 3203 paulo
655 3133 712 3188 iam
725 3135 753 3189 A
768 3133 934 3190 Cauloniam
950 3136 1099 3193 Burburus

155 3227 198 3276 23.
222 3221 365 3276 taurinum
392 3221 420 3276 A
448 3222 618 3276 Taurianum
635 3207 792 3278 Barbarus
868 3229 912 3278 εδ.
936 3223 1044 3278 ionium
1070 3225 1098 3280 A

83 3290 254 3362 Hipponium
278 3293 432 3348 Pinticme
503 3292 590 3347 vibon
613 3293 713 3347 etemis
736 3292 907 3364 aclampetin
928 3296 956 3349 A
980 3295 1097 3362 Vibove,

83 3361 195 3429 Temen,
218 3362 376 3434 Clampetia
394 3364 521 3419 Bursian
539 3363 668 3431 (Temese
690 3366 798 3434 scripse)
871 3372 914 3422 26.
932 3365 1040 3422 blundo
1057 3367 1098 3420 A¹

83 3431 204 3485 ablunda
216 3433 256 3487 A'
270 3434 380 3489 Blanda
392 3452 413 3490 a
464 3434 627 3490 buxentimu
641 3434 682 3488 A¹
696 3450 765 3492 cerr.
780 3435 937 3492 Buxentum
950 3438 1098 3494 Barbarus

152 3508 195 3558 27.
213 3508 361 3572 prastanus
380 3507 408 3560 A
421 3505 573 3561 Paestanus
588 3523 604 3561 c
